id,trade_px,trade_volume,b1,b2,b3,b4,b5,a1,a2,a3,a4,a5,bq1,bq2,bq3,bq4,bq5,aq1,aq2,aq3,aq4,aq5,order_date_time,trades_date_time,update_type
1,0,0,1190.7,1190,1189.69,1189.22,1188.92,1192.29,1192.3,1193.32,1193.5,1193.61,1.99,1.2,1.2,2.23688,1.03688,0.01383556,6.64,1.03688,1.98,1.03688,2017-04-07D00:00:38.301868000,2000-01-01D00:00:00.000000000,1
3,0,0,1190.7,1190,1189.69,1189.22,1188.92,1192.3,1193.32,1193.5,1193.61,1193.91,1.99,1.2,1.2,2.23688,1.03688,6.64,1.03688,1.98,1.03688,1.03688,2017-04-07D00:00:48.770277000,2000-01-01D00:00:00.000000000,1
4,0,0,1190.7,1190,1189.69,1189.22,1188.92,1192.3,1193.32,1193.5,1193.61,1193.91,1.99,1.2,1.2,2.23688,1.03688,1.8,1.03688,1.98,1.03688,1.03688,2017-04-07D00:00:54.575567000,2000-01-01D00:00:00.000000000,1
5,0,0,1190.7,1190,1189.69,1189.22,1188.92,1192.3,1193.32,1193.5,1193.61,1193.91,1.99,1.2,1.2,2.23688,1.03688,6.05,1.03688,1.98,1.03688,1.03688,2017-04-07D00:00:57.980256000,2000-01-01D00:00:00.000000000,1
6,0,0,1190.7,1190,1189.69,1189.22,1188.92,1192.29,1192.3,1193.32,1193.5,1193.61,1.99,1.2,1.2,2.23688,1.03688,0.01429121,6.05,1.03688,1.98,1.03688,2017-04-07D00:01:04.378295000,2000-01-01D00:00:00.000000000,1
7,0,0,1190.7,1190,1189.69,1189.22,1188.92,1191.3,1192.29,1192.3,1193.32,1193.5,0.99,1.2,1.2,2.23688,1.03688,1,0.01429121,6.05,1.03688,1.98,2017-04-07D00:01:06.897093000,2000-01-01D00:00:00.000000000,1
8,1190.7,2,1190.7,1190,1189.69,1189.22,1188.92,1191.3,1192.29,1192.3,1193.32,1193.5,0.99,1.2,1.2,2.23688,1.03688,1,0.01429121,6.05,1.03688,1.98,2017-04-07D00:01:06.897093000,2017-04-07D00:01:12.563677000,2
9,1190.7,2,1190.7,1189.26,1189.22,1188.92,1188.9,1191.3,1192.29,1192.3,1193.32,1193.5,0.99,1.2,2.23688,1.03688,1.2,5.72,0.01429121,1.8,1.03688,1.98,2017-04-07D00:01:13.606592000,2017-04-07D00:01:12.563677000,1
10,1190.7,2,1189.26,1189.22,1188.92,1188.9,1188.82,1190.7,1191.3,1192.29,1192.3,1193.32,1.2,2.23688,1.03688,1.2,1.2,0.01,6.71,0.01429121,1.8,1.03688,2017-04-07D00:01:18.845970000,2017-04-07D00:01:12.563677000,1
11,1190.7,2,1189.26,1189.22,1188.92,1188.9,1188.82,1190.7,1191.3,1192.29,1192.3,1193.32,0.605,2.23688,1.03688,1.2,1.2,0.01,6.71,0.01429121,1.8,1.03688,2017-04-07D00:01:19.839065000,2017-04-07D00:01:12.563677000,1
12,1190.7,2,1189.22,1188.92,1188.9,1188.82,1188.8,1190.7,1191.3,1192.29,1192.3,1193.32,1.03688,1.03688,1.2,1.2,1.2,0.01,1.99,0.01429121,1.8,1.03688,2017-04-07D00:01:22.526876000,2017-04-07D00:01:12.563677000,1
13,1189.26,0.1926719,1189.22,1188.92,1188.9,1188.82,1188.8,1190.7,1191.3,1192.29,1192.3,1193.32,1.03688,1.03688,1.2,1.2,1.2,0.01,1.99,0.01429121,1.8,1.03688,2017-04-07D00:01:22.526876000,2017-04-07D00:01:24.022956000,2
14,1189.26,0.1926719,1189.22,1188.92,1188.9,1188.82,1188.8,1190.7,1191.3,1192.3,1193.32,1193.5,1.03688,1.03688,1.2,1.2,1.2,4.59,1.99,1.8,1.03688,1.98,2017-04-07D00:01:30.430814000,2017-04-07D00:01:24.022956000,1
15,1189.26,0.1926719,1189.22,1188.92,1188.8,1188.74,1188.7,1190.7,1191.3,1192.3,1193.32,1193.5,1.03688,1.03688,1.2,1.2,1.8381,4.58,1.99,1.8,1.03688,1.98,2017-04-07D00:01:31.998623000,2017-04-07D00:01:24.022956000,1
16,1189.26,0.1926719,1189.22,1188.92,1188.8,1188.74,1188.7,1190.69,1190.7,1191.3,1192.3,1193.32,1.03688,1.03688,1.2,1.2,1.8381,0.01429121,4.58,1.99,1.8,1.03688,2017-04-07D00:01:40.094145000,2017-04-07D00:01:24.022956000,1
17,1189.26,0.1926719,1189.22,1188.92,1188.7,1188.63,1188.49,1190.69,1190.7,1191.3,1192.3,1193.32,1.03688,1.03688,1.8381,1.03688,1.2,0.01429121,4.58,1.99,1.8,1.03688,2017-04-07D00:01:52.328912000,2017-04-07D00:01:24.022956000,1
18,1189.26,0.1926719,1189.22,1188.92,1188.7,1188.63,1188.33,1190.69,1190.7,1191.3,1192.3,1193.32,1.03688,1.03688,1.8381,1.03688,1.03688,0.01429121,4.58,1.99,1.8,1.03688,2017-04-07D00:02:00.441611000,2017-04-07D00:01:24.022956000,1
19,1189.22,0.232,1189.22,1188.92,1188.7,1188.63,1188.33,1190.69,1190.7,1191.3,1192.3,1193.32,1.03688,1.03688,1.8381,1.03688,1.03688,0.01429121,4.58,1.99,1.8,1.03688,2017-04-07D00:02:00.441611000,2017-04-07D00:02:09.664183000,2
20,1189.22,0.232,1189.22,1188.92,1188.7,1188.63,1188.33,1190.69,1190.7,1191.3,1192.3,1193.32,0.92088,1.03688,1.8381,1.03688,1.03688,0.01429121,4.58,1.99,1.8,1.03688,2017-04-07D00:02:11.718661000,2017-04-07D00:02:09.664183000,1
21,1189.22,0.232,1189.22,1188.92,1188.7,1188.63,1188.44,1190.69,1190.7,1191.3,1192.3,1193.32,0.92088,1.03688,1.8381,1.03688,1.2,0.01429121,4.58,1.99,1.8,1.03688,2017-04-07D00:02:24.578264000,2017-04-07D00:02:09.664183000,1
22,1189.22,0.232,1189.22,1188.92,1188.7,1188.63,1188.44,1190.7,1191.3,1192.3,1193.32,1193.5,0.92088,1.03688,1.8381,1.03688,1.2,4.58,1.99,1.8,1.03688,1.98,2017-04-07D00:02:38.970305000,2017-04-07D00:02:09.664183000,1
24,1189.22,0.232,1189.22,1188.92,1188.7,1188.63,1188.44,1190.69,1190.7,1191.3,1192.3,1193.32,0.92088,1.03688,1.8381,1.03688,1.2,0.01429121,4.58,1.99,1.8,1.03688,2017-04-07D00:02:50.063620000,2017-04-07D00:02:09.664183000,1
26,1189.22,0.232,1188.92,1188.7,1188.63,1188.44,1188.33,1190.69,1190.7,1191.3,1192.3,1193.5,1.03688,1.8381,1.03688,1.2,1.03688,0.01429121,4.58,1.99,1.8,1.98,2017-04-07D00:03:06.255189000,2017-04-07D00:02:09.664183000,1
27,1189.22,0.232,1188.7,1188.63,1188.44,1188.33,1188.12,1190.69,1190.7,1191.3,1192.06,1192.3,1.8381,1.03688,1.2,1.03688,1.2,0.01429121,4.58,1.99,1.038,1.8,2017-04-07D00:03:08.307752000,2017-04-07D00:02:09.664183000,1
28,1189.22,0.232,1188.7,1188.63,1188.44,1188.33,1188.12,1190.69,1191.3,1192.06,1192.3,1192.36,1.8381,1.03688,1.2,1.03688,1.2,0.01429121,1.99,1.038,1.8,1.038,2017-04-07D00:03:09.753584000,2017-04-07D00:02:09.664183000,1
29,1189.22,0.232,1188.7,1188.63,1188.44,1188.33,1188.12,1190.69,1191.3,1192.06,1192.3,1192.36,1.8381,1.03688,1.2,1.03688,1.2,4.124291,1.99,1.038,1.8,1.038,2017-04-07D00:03:16.190788000,2017-04-07D00:02:09.664183000,1
30,1189.22,0.232,1188.7,1188.44,1188.12,1187.97,1187.84,1190.69,1191.3,1192.06,1192.3,1192.36,1.8381,1.2,1.2,1.038,1.2,4.124291,1.99,1.038,1.8,1.038,2017-04-07D00:03:17.312130000,2017-04-07D00:02:09.664183000,1
34,1189.22,0.232,1189.15,1188.84,1188.7,1187.97,1187.84,1190.69,1191.3,1192.06,1192.3,1192.36,1.2,1.2,1.8381,1.038,1.2,4.124291,1.99,1.038,1.8,1.038,2017-04-07D00:03:36.115987000,2017-04-07D00:02:09.664183000,1
35,1189.22,0.232,1189.15,1188.84,1188.7,1187.97,1187.7,1190.69,1191.3,1192.06,1192.3,1192.36,1.2,1.2,3.0381,1.038,1.84,4.124291,1.99,1.038,1.8,1.038,2017-04-07D00:03:46.085992000,2017-04-07D00:02:09.664183000,1
37,1189.22,0.232,1189.15,1188.84,1188.7,1188.38,1187.97,1190.69,1191.3,1192.06,1192.3,1192.36,1.2,1.2,3.0381,1.2,1.038,4.11,1.99,1.038,1.8,1.038,2017-04-07D00:03:55.901087000,2017-04-07D00:02:09.664183000,1
38,1189.22,0.232,1189.15,1188.84,1188.7,1188.38,1187.97,1191.3,1192.06,1192.3,1192.36,1192.62,1.2,1.2,3.0381,1.2,1.038,1.99,1.038,1.8,1.038,1.03803,2017-04-07D00:04:00.650401000,2017-04-07D00:02:09.664183000,1
39,1189.22,0.232,1189.15,1188.84,1188.7,1188.38,1187.97,1190.69,1191.3,1192.06,1192.3,1192.36,1.2,1.2,3.0381,1.2,1.038,4.72,1.99,1.038,1.8,1.038,2017-04-07D00:04:05.020791000,2017-04-07D00:02:09.664183000,1
40,1191.3,1.98,1189.15,1188.84,1188.7,1188.38,1187.97,1190.69,1191.3,1192.06,1192.3,1192.36,1.2,1.2,3.0381,1.2,1.038,4.72,1.99,1.038,1.8,1.038,2017-04-07D00:04:05.020791000,2017-04-07D00:04:11.332871000,2
41,1191.3,1.98,1190.7,1189.15,1188.84,1188.7,1188.38,1192.06,1192.3,1192.36,1192.62,1192.93,1.99,1.2,1.2,3.0381,1.2,1.038,1.8,1.038,1.03803,1.03802,2017-04-07D00:04:12.348908000,2017-04-07D00:04:11.332871000,1
42,1191.3,1.98,1190.7,1189.15,1188.84,1188.77,1188.7,1190.89,1192.3,1192.62,1192.87,1192.93,1.99,1.2,1.2,1.03729,3.0381,4.76,1.8,1.03803,1.03729,1.03802,2017-04-07D00:04:16.599808000,2017-04-07D00:04:11.332871000,1
43,1191.3,1.98,1190.7,1189.15,1188.84,1188.77,1188.7,1190.89,1192.3,1192.62,1192.87,1192.93,1.99,1.2,1.2,1.03729,3.0381,4.16,1.8,1.03803,1.03729,1.03802,2017-04-07D00:04:23.369223000,2017-04-07D00:04:11.332871000,1
44,1191.3,1.98,1190.7,1189.15,1188.84,1188.77,1188.7,1190.89,1192.3,1192.87,1192.93,1193.16,1.99,1.2,1.2,1.03729,3.0381,4.16,1.8,1.03729,1.03802,1.03729,2017-04-07D00:04:29.804843000,2017-04-07D00:04:11.332871000,1
45,1191.3,1.98,1190.7,1189.15,1188.84,1188.77,1188.7,1190.89,1192.3,1192.87,1193.16,1193.49,1.99,1.2,1.2,1.03729,3.0381,3.16,1.8,1.03729,1.03729,1.03779,2017-04-07D00:04:35.063290000,2017-04-07D00:04:11.332871000,1
46,1190.89,2,1190.7,1189.15,1188.84,1188.77,1188.7,1190.89,1192.3,1192.87,1193.16,1193.49,1.99,1.2,1.2,1.03729,3.0381,3.16,1.8,1.03729,1.03729,1.03779,2017-04-07D00:04:35.063290000,2017-04-07D00:04:35.806335000,2
48,1190.89,2,1190.7,1188.84,1188.77,1188.7,1188.47,1190.89,1192.3,1192.87,1193.16,1193.49,1.99,1.2,1.03729,3.0381,1.03729,3.16,1.8,1.03729,1.03729,1.03779,2017-04-07D00:04:45.745230000,2017-04-07D00:04:35.806335000,1
49,1190.89,2,1190.7,1189.65,1189.33,1188.77,1188.7,1190.89,1192.3,1192.87,1193.16,1193.49,1.99,1.2,1.2,1.03729,3.0381,3.16,1.8,1.03729,1.03729,1.03779,2017-04-07D00:04:47.642615000,2017-04-07D00:04:35.806335000,1
50,1190.89,2,1190.7,1189.65,1189.33,1188.77,1188.7,1190.89,1192.3,1192.87,1193.16,1193.5,1.99,1.2,1.2,1.03729,3.0381,3.16,1.8,1.03729,1.03729,1.98,2017-04-07D00:04:52.539305000,2017-04-07D00:04:35.806335000,1
52,1190.89,2,1190.7,1189.65,1189.33,1188.8,1188.77,1190.89,1192.3,1192.87,1193.16,1193.5,1.99,1.2,1.2,1.2,1.03729,3.16,1.8,1.03729,1.03729,1.98,2017-04-07D00:05:02.419936000,2017-04-07D00:04:35.806335000,1
53,1190.89,2,1190.7,1189.15,1188.99,1188.8,1188.77,1190.89,1192.3,1192.87,1193.16,1193.5,1.99,1.2,1.2,1.2,1.03729,3.16,1.8,1.03729,1.03729,1.98,2017-04-07D00:05:27.686264000,2017-04-07D00:04:35.806335000,1
54,1190.89,2,1190.7,1189.15,1188.99,1188.77,1188.7,1190.89,1192.3,1192.87,1193.16,1193.5,1.99,1.2,1.2,1.03729,1.8381,3.16,1.8,1.03729,1.03729,1.98,2017-04-07D00:05:32.411837000,2017-04-07D00:04:35.806335000,1
55,1190.7,2,1190.7,1189.15,1188.99,1188.77,1188.7,1190.89,1192.3,1192.87,1193.16,1193.5,1.99,1.2,1.2,1.03729,1.8381,3.16,1.8,1.03729,1.03729,1.98,2017-04-07D00:05:32.411837000,2017-04-07D00:05:41.836592000,2
56,1190.7,2,1190.7,1189.15,1188.99,1188.77,1188.7,1190.89,1191.3,1192.3,1192.87,1193.16,0.99,1.2,1.2,1.03729,1.8381,3.16,1,1.8,1.03729,1.03729,2017-04-07D00:05:43.117963000,2017-04-07D00:05:41.836592000,1
57,1190.7,2,1190.7,1189.15,1188.99,1188.77,1188.7,1190.89,1191.3,1192.3,1192.87,1193.16,0.99,1.2,1.2,1.03729,1.8381,4.38,1,1.8,1.03729,1.03729,2017-04-07D00:06:32.660227000,2017-04-07D00:05:41.836592000,1
58,1190.7,2,1190.7,1189.15,1188.99,1188.77,1188.7,1191.3,1192.3,1192.87,1193.16,1193.5,0.99,1.2,1.2,1.03729,1.8381,1,1.8,1.03729,1.03729,1.98,2017-04-07D00:06:35.001990000,2017-04-07D00:05:41.836592000,1
59,1190.7,2,1190.7,1189.15,1188.99,1188.77,1188.7,1191.09,1191.3,1192.3,1192.87,1193.16,0.99,1.2,1.2,1.03729,1.8381,4.7,1,1.8,1.03729,1.03729,2017-04-07D00:06:45.463942000,2017-04-07D00:05:41.836592000,1
60,1190.7,2,1190.7,1189.87,1189.57,1189.15,1188.99,1191.09,1191.3,1192.3,1193.5,1193.57,0.99,1.03632,1.03632,1.2,1.2,4.7,1,1.8,1.98,1.03719,2017-04-07D00:06:50.947567000,2017-04-07D00:05:41.836592000,1
61,1190.7,2,1190.7,1189.87,1189.57,1189.15,1188.99,1191.09,1191.3,1192.3,1193.5,1193.88,0.99,1.03632,1.03632,1.2,1.2,4.7,1,1.8,1.98,1.03719,2017-04-07D00:07:05.785091000,2017-04-07D00:05:41.836592000,1
62,1190.7,2,1190.7,1189.87,1189.57,1189.15,1188.99,1191.09,1191.3,1192.3,1193.5,1193.93,0.99,1.03632,1.03632,1.2,1.2,4.7,1,1.8,1.98,1.03688,2017-04-07D00:07:11.780722000,2017-04-07D00:05:41.836592000,1
63,1190.7,2,1190.7,1189.87,1189.57,1189.15,1188.99,1191.3,1191.89,1192.3,1193.5,1193.93,0.99,1.03632,1.03632,1.2,1.2,1,4.95,1.8,1.98,1.03688,2017-04-07D00:07:25.629876000,2017-04-07D00:05:41.836592000,1
64,1190.7,2,1190.7,1189.87,1189.57,1189.15,1188.99,1191.3,1192.3,1193.5,1193.93,1193.97,0.99,1.03632,1.03632,1.2,1.2,1,1.8,1.98,1.03688,1.03632,2017-04-07D00:07:30.254230000,2017-04-07D00:05:41.836592000,1
65,1190.7,2,1190.7,1189.87,1189.57,1189.15,1188.99,1191.3,1192.3,1192.89,1193.5,1193.93,0.99,1.03632,1.03632,1.2,1.2,1,1.8,4.35,1.98,1.03688,2017-04-07D00:07:39.160938000,2017-04-07D00:05:41.836592000,1
66,1190.7,2,1190.7,1189.87,1189.57,1189.15,1188.99,1191.3,1192.3,1193.5,1193.93,1193.97,0.99,1.03632,1.03632,1.2,1.2,1,1.8,1.98,1.03688,1.03632,2017-04-07D00:07:46.472899000,2017-04-07D00:05:41.836592000,1
67,1190.7,2,1190.7,1189.87,1189.57,1189.15,1188.99,1191.3,1192.3,1192.79,1193.5,1193.93,0.99,1.03632,1.03632,1.2,1.2,1,1.8,4.12,1.98,1.03688,2017-04-07D00:07:50.328320000,2017-04-07D00:05:41.836592000,1
68,1190.7,2,1190.7,1189.87,1189.57,1189.15,1188.99,1191.3,1192.3,1192.89,1193.5,1193.93,0.99,1.03632,1.03632,1.2,1.2,1,1.8,4.92,1.98,1.03688,2017-04-07D00:08:08.859914000,2017-04-07D00:05:41.836592000,1
69,1190.7,2,1190.7,1189.87,1189.57,1189.15,1188.99,1191.3,1192.3,1192.99,1193.5,1193.93,0.99,1.03632,1.03632,1.2,1.2,1,1.8,4.2,1.98,1.03688,2017-04-07D00:08:18.293889000,2017-04-07D00:05:41.836592000,1
70,1190.7,2,1190.7,1189.87,1189.62,1189.57,1189.03,1191.3,1192.3,1192.99,1193.5,1193.93,0.99,1.03632,1.2,1.03632,1.2,1,1.8,4.2,1.98,1.03688,2017-04-07D00:09:00.203749000,2017-04-07D00:05:41.836592000,1
71,1190.7,2,1190.76,1190.7,1189.62,1189.03,1189,1191.3,1192.3,1192.99,1193.5,1193.97,1.03553,0.99,1.2,1.2,1.2,1,1.8,4.2,1.98,1.03632,2017-04-07D00:09:09.260447000,2017-04-07D00:05:41.836592000,1
72,1190.7,2,1190.76,1190.7,1190.55,1189.62,1189.03,1191.3,1192.3,1192.99,1193.5,1194.22,1.03553,0.99,1.03553,1.2,1.2,1,1.8,4.2,1.98,1.03688,2017-04-07D00:09:10.317358000,2017-04-07D00:05:41.836592000,1
73,1190.7,2,1190.76,1190.7,1190.55,1190.24,1189.62,1191.3,1192.3,1192.99,1193.5,1194.89,1.03553,0.99,1.03553,1.03547,1.2,1,1.8,4.2,1.98,1.03682,2017-04-07D00:09:30.705408000,2017-04-07D00:05:41.836592000,1
74,1190.7,2,1190.76,1190.7,1190.55,1190.24,1189.99,1191.3,1192.3,1192.99,1193.5,1194.89,1.03553,0.99,1.03553,1.03547,1.2,1,1.8,4.2,1.98,1.03682,2017-04-07D00:09:35.968151000,2017-04-07D00:05:41.836592000,1
75,1190.7,2,1190.76,1190.7,1190.55,1190.24,1189.99,1191.3,1192.3,1192.99,1193.5,1194.95,1.03553,0.99,1.03553,1.03547,1.2,1,1.8,4.2,1.98,1.03553,2017-04-07D00:09:41.944253000,2017-04-07D00:05:41.836592000,1
76,1190.7,2,1190.76,1190.7,1190.55,1190.42,1190.24,1191.3,1192.3,1192.99,1193.5,1194.95,1.03553,0.99,1.03553,1.2,1.03547,1,1.8,4.2,1.98,1.03553,2017-04-07D00:11:14.807479000,2017-04-07D00:05:41.836592000,1
77,1190.7,2,1190.76,1190.7,1190.55,1190.42,1190.24,1191.3,1192.3,1192.99,1193.5,1194.95,1.03553,1.105,1.03553,1.2,1.03547,0.885,1.8,4.2,1.98,1.03553,2017-04-07D00:11:36.030329000,2017-04-07D00:05:41.836592000,1
78,1191.3,0.23,1190.76,1190.7,1190.55,1190.42,1190.24,1191.3,1192.3,1192.99,1193.5,1194.95,1.03553,1.105,1.03553,1.2,1.03547,0.885,1.8,4.2,1.98,1.03553,2017-04-07D00:11:36.030329000,2017-04-07D00:11:38.784439000,2
79,1191.3,0.23,1190.76,1190.7,1190.55,1190.42,1190.24,1191.3,1192.3,1193.5,1194.95,1195,1.03553,1.105,1.03553,1.2,1.03547,0.885,1.8,1.98,1.03553,1.97,2017-04-07D00:12:08.493082000,2017-04-07D00:11:38.784439000,1
80,1191.3,0.23,1190.76,1190.7,1190.55,1190.42,1190.24,1191.3,1192.3,1193.5,1193.69,1194.95,1.03553,1.105,1.03553,1.2,1.03547,0.885,1.8,1.98,4.86,1.03553,2017-04-07D00:12:11.974047000,2017-04-07D00:11:38.784439000,1
81,1191.3,0.23,1191.29,1190.7,1190.42,1190.24,1190.11,1191.3,1192.3,1193.5,1193.69,1195,1.03479,1.105,1.2,1.03547,1.2,0.885,1.8,1.98,4.86,1.97,2017-04-07D00:12:30.670414000,2017-04-07D00:11:38.784439000,1
82,1191.3,0.23,1191.29,1190.7,1190.42,1190.24,1190.11,1191.3,1192.3,1193.5,1193.69,1195,2.06958,1.105,1.2,1.03547,1.2,0.885,1.8,1.98,4.86,1.97,2017-04-07D00:12:38.102928000,2017-04-07D00:11:38.784439000,1
83,1191.3,0.23,1191.29,1190.7,1190.42,1190.31,1190.11,1191.3,1192.3,1193.5,1193.69,1195,2.06958,1.105,1.2,1.03541,1.2,0.885,1.8,1.98,4.86,1.97,2017-04-07D00:12:48.369618000,2017-04-07D00:11:38.784439000,1
84,1191.3,0.23,1191.29,1190.91,1190.7,1190.31,1190.01,1191.3,1192.3,1193.5,1193.69,1195,2.06958,1.2,1.105,1.03541,1.03541,0.885,1.8,1.98,4.86,1.97,2017-04-07D00:13:01.289390000,2017-04-07D00:11:38.784439000,1
85,1191.3,0.23,1191.29,1190.91,1190.7,1190.59,1190.31,1191.3,1192.3,1193.5,1193.69,1195,2.06958,1.2,1.105,1.2,1.03541,0.885,1.8,1.98,4.86,1.97,2017-04-07D00:13:02.365608000,2017-04-07D00:11:38.784439000,1
86,1191.3,0.23,1191.29,1190.91,1190.7,1190.59,1190.31,1191.3,1192.3,1193.5,1195,1195.3,2.06958,1.2,1.105,1.2,1.03541,0.885,1.8,1.98,1.97,1.03479,2017-04-07D00:13:35.738601000,2017-04-07D00:11:38.784439000,1
87,1191.3,0.23,1191.29,1190.91,1190.7,1190.59,1190.31,1191.3,1192.3,1193.5,1194.89,1195,2.06958,1.2,1.105,1.2,1.03541,0.885,1.8,1.98,4.75,1.97,2017-04-07D00:13:50.080029000,2017-04-07D00:11:38.784439000,1
88,1191.3,0.23,1191.29,1190.91,1190.7,1190.59,1190.31,1191.3,1192.3,1193.5,1195,1195.3,2.06958,1.2,1.105,1.2,1.03541,0.885,1.8,1.98,1.97,1.03479,2017-04-07D00:13:54.508069000,2017-04-07D00:11:38.784439000,1
89,1191.3,0.23,1191.29,1190.91,1190.7,1190.59,1190.31,1191.3,1192.3,1193.5,1195,1195.7,2.06958,1.2,1.105,1.2,1.03541,0.885,1.8,1.98,1.97,2.49779,2017-04-07D00:13:56.603529000,2017-04-07D00:11:38.784439000,1
90,1191.3,0.23,1191.29,1190.91,1190.7,1190.59,1190.14,1191.3,1192.3,1193.5,1195,1195.7,3.10367,1.2,1.105,1.2,1.2,0.885,1.8,1.98,1.97,1.463,2017-04-07D00:13:58.474179000,2017-04-07D00:11:38.784439000,1
91,1191.3,0.23,1191.29,1190.91,1190.7,1190.59,1190.14,1191.3,1192.3,1193.5,1195,1195.19,4.13751,1.2,1.105,1.2,1.2,0.885,1.8,1.98,1.97,4.47,2017-04-07D00:14:06.762782000,2017-04-07D00:11:38.784439000,1
92,1191.3,0.23,1191.29,1191.21,1190.91,1190.7,1190.59,1191.3,1192.3,1193.5,1195,1195.7,4.13751,1.03409,2.23409,1.105,1.2,0.885,1.8,1.98,1.97,1.463,2017-04-07D00:14:26.288140000,2017-04-07D00:11:38.784439000,1
93,1191.3,0.23,1191.29,1191.21,1190.91,1190.7,1190.59,1191.3,1192.3,1193.5,1194.59,1195,4.13751,1.03409,2.23409,1.105,1.2,0.885,1.8,1.98,4.34,1.97,2017-04-07D00:14:27.755244000,2017-04-07D00:11:38.784439000,1
94,1191.3,0.23,1191.29,1191.21,1190.91,1190.7,1190.59,1191.3,1192.3,1193.5,1195,1195.7,4.13751,1.03409,2.23409,1.105,1.2,0.885,1.8,1.98,1.97,1.463,2017-04-07D00:14:35.619594000,2017-04-07D00:11:38.784439000,1
95,1191.3,0.23,1191.29,1191.21,1190.91,1190.7,1190.63,1191.3,1192.3,1193.5,1195,1195.63,3.10367,1.03409,2.23409,1.105,1.03486,0.885,1.8,1.98,1.97,1.03486,2017-04-07D00:14:57.518672000,2017-04-07D00:11:38.784439000,1
96,1191.3,0.23,1191.29,1191.21,1190.91,1190.7,1190.63,1191.3,1192.3,1193.5,1195,1195.37,2.06958,1.03409,2.23409,1.105,1.03486,0.885,1.8,1.98,1.97,1.03486,2017-04-07D00:15:01.270256000,2017-04-07D00:11:38.784439000,1
97,1191.3,0.23,1190.91,1190.89,1190.7,1190.63,1190.59,1191.3,1192.3,1193.5,1195,1195.37,2.23409,1.03543,1.105,1.03486,2.23543,0.885,1.8,1.98,1.97,1.03486,2017-04-07D00:15:05.793279000,2017-04-07D00:11:38.784439000,1
98,1191.3,0.23,1190.91,1190.89,1190.7,1190.63,1190.59,1191.3,1192.3,1193.5,1195,1195.37,1.2,1.03543,1.105,1.03486,2.23543,0.885,1.8,1.98,1.97,1.03486,2017-04-07D00:15:17.157297000,2017-04-07D00:11:38.784439000,1
99,1191.3,0.23,1190.91,1190.89,1190.7,1190.63,1190.59,1191.3,1192.3,1193.5,1195,1195.09,1.2,1.03543,1.105,1.03486,2.23543,0.885,1.8,1.98,1.97,4.63,2017-04-07D00:15:31.070204000,2017-04-07D00:11:38.784439000,1
100,1191.3,0.23,1190.91,1190.89,1190.7,1190.63,1190.59,1191.3,1192.3,1193.5,1194.99,1195,1.2,1.03543,1.105,1.03486,2.23543,0.885,1.8,1.98,4.85,1.97,2017-04-07D00:15:42.169128000,2017-04-07D00:11:38.784439000,1
101,1191.3,0.23,1190.91,1190.89,1190.7,1190.63,1190.59,1191.3,1192.3,1193.5,1195,1195.37,1.2,1.03543,1.105,1.03486,2.23543,0.885,1.8,1.98,1.97,1.03486,2017-04-07D00:15:43.198585000,2017-04-07D00:11:38.784439000,1
102,1191.3,0.23,1190.91,1190.89,1190.7,1190.63,1190.59,1191.3,1192.3,1193.5,1195,1195.19,1.2,1.03543,1.105,1.03486,2.23543,0.885,1.8,1.98,1.97,4.5,2017-04-07D00:15:56.287429000,2017-04-07D00:11:38.784439000,1
103,1191.3,0.23,1190.91,1190.89,1190.7,1190.63,1190.59,1191.3,1192.3,1193.5,1195,1195.37,1.2,1.03543,1.105,1.03486,2.23543,0.885,1.8,1.98,1.97,1.03486,2017-04-07D00:16:02.919637000,2017-04-07D00:11:38.784439000,1
104,1191.3,0.23,1190.91,1190.89,1190.7,1190.63,1190.59,1191.3,1192.3,1193.5,1194.09,1195,1.2,1.03543,1.105,1.03486,2.23543,0.885,1.8,1.98,4.19,1.97,2017-04-07D00:16:05.052825000,2017-04-07D00:11:38.784439000,1
105,1191.3,0.23,1190.91,1190.8,1190.7,1190.59,1190.38,1191.3,1192.3,1193.5,1194.09,1195,1.2,1.03551,1.105,2.23543,1.03486,0.885,1.8,1.98,4.19,1.97,2017-04-07D00:16:37.747779000,2017-04-07D00:11:38.784439000,1
106,1191.3,0.23,1190.91,1190.8,1190.7,1190.59,1190.51,1191.3,1192.3,1193.5,1194.09,1194.9,1.2,1.03551,1.105,1.2,1.03551,0.885,1.8,1.98,4.19,1.03551,2017-04-07D00:16:44.572165000,2017-04-07D00:11:38.784439000,1
107,1191.3,0.23,1190.91,1190.7,1190.59,1190.21,1190.14,1191.3,1192.3,1193.5,1193.9,1194.09,1.2,1.105,1.2,1.03551,1.2,0.885,1.8,1.98,1.0364,4.19,2017-04-07D00:17:41.708958000,2017-04-07D00:11:38.784439000,1
108,1191.3,0.23,1190.91,1190.7,1190.59,1190.14,1189.82,1191.3,1192.3,1193.07,1193.37,1193.5,1.2,1.105,1.2,1.2,1.2,0.885,1.8,1.03713,1.03713,1.98,2017-04-07D00:18:01.727829000,2017-04-07D00:11:38.784439000,1
109,1191.3,0.23,1190.7,1190.56,1190.24,1190.14,1189.82,1191.3,1192.3,1193.07,1193.37,1193.5,1.105,1.2,1.2,1.2,1.2,0.885,1.8,1.03713,1.03713,1.98,2017-04-07D00:19:35.026963000,2017-04-07D00:11:38.784439000,1
110,1191.3,0.23,1190.7,1190.56,1190.24,1189.72,1189.58,1191.3,1192.3,1193.07,1193.37,1193.5,1.105,1.2,1.2,1.2,1.2,0.885,1.8,1.03713,1.03713,1.98,2017-04-07D00:19:48.801684000,2017-04-07D00:11:38.784439000,1
111,1191.3,0.23,1190.7,1190.56,1190.24,1189.76,1189.72,1191.3,1192.3,1193.5,1193.86,1193.98,1.105,1.2,1.2,1.03644,1.2,0.885,1.8,1.98,1.03644,1.03685,2017-04-07D00:20:32.294381000,2017-04-07D00:11:38.784439000,1
112,1191.3,0.23,1190.7,1190.56,1190.24,1189.76,1189.72,1191.3,1192.3,1193.5,1193.86,1194.16,1.105,1.2,1.2,1.03644,1.2,0.885,1.8,1.98,1.03644,1.03644,2017-04-07D00:20:45.457499000,2017-04-07D00:11:38.784439000,1
113,1191.3,0.23,1190.7,1190.56,1190.24,1189.76,1189.72,1191.3,1192.3,1193.5,1193.86,1194.09,1.105,1.2,1.2,1.03644,1.2,0.885,1.8,1.98,1.03644,4.08,2017-04-07D00:21:27.809896000,2017-04-07D00:11:38.784439000,1
114,1191.3,0.23,1190.99,1190.7,1190.69,1190.56,1190.24,1191.3,1192.3,1193.5,1194.09,1194.46,1.03536,1.105,1.03536,1.2,1.2,0.885,1.8,1.98,4.08,1.03643,2017-04-07D00:21:34.416970000,2017-04-07D00:11:38.784439000,1
115,1191.3,0.23,1190.7,1190.56,1190.44,1190.24,1189.72,1191.3,1192.3,1192.98,1193.49,1193.5,1.105,1.2,1.03531,1.2,1.2,0.885,1.8,1.03722,4.66,1.98,2017-04-07D00:21:51.176971000,2017-04-07D00:11:38.784439000,1
116,1191.3,0.23,1190.7,1190.56,1190.24,1189.72,1189.58,1191.3,1192.3,1193.49,1193.5,1194.05,1.105,1.2,1.2,1.2,1.2,0.885,1.8,4.66,1.98,1.03627,2017-04-07D00:22:10.757495000,2017-04-07D00:11:38.784439000,1
117,1191.3,0.23,1190.7,1190.56,1190.24,1189.85,1189.72,1191.3,1192.3,1193.49,1193.5,1194.05,1.105,1.2,1.2,1.03636,1.2,0.885,1.8,4.66,1.98,1.03627,2017-04-07D00:22:21.468554000,2017-04-07D00:11:38.784439000,1
118,1191.3,0.23,1190.9,1190.7,1190.59,1189.85,1189.72,1191.3,1192.3,1193.49,1193.5,1194.05,1.2,1.105,1.2,1.03636,1.2,0.885,1.8,4.66,1.98,1.03627,2017-04-07D00:22:24.119065000,2017-04-07D00:11:38.784439000,1
119,1191.3,0.23,1190.9,1190.7,1190.59,1190.26,1189.85,1191.3,1192.3,1193.49,1193.5,1194.05,1.2,1.105,1.2,1.2,1.03636,0.885,1.8,4.66,1.98,1.03627,2017-04-07D00:22:40.628366000,2017-04-07D00:11:38.784439000,1
120,1191.3,0.23,1190.9,1190.7,1190.59,1190.26,1189.95,1191.3,1192.3,1193.28,1193.49,1193.5,1.2,1.105,1.2,1.2,1.2,0.885,1.8,1.03696,4.66,1.98,2017-04-07D00:22:44.972921000,2017-04-07D00:11:38.784439000,1
121,1191.3,0.23,1190.9,1190.7,1190.59,1190.26,1189.95,1191.3,1192.3,1193.28,1193.5,1193.58,1.2,1.105,1.2,1.2,1.2,5.095,1.8,1.03696,1.98,1.03696,2017-04-07D00:22:57.895685000,2017-04-07D00:11:38.784439000,1
122,1191.3,0.23,1190.7,1190.42,1190.26,1190.1,1189.95,1191.3,1192.3,1193.28,1193.5,1193.58,1.105,1.2,1.2,1.2,1.2,5.095,1.8,1.03696,1.98,1.03696,2017-04-07D00:23:30.179926000,2017-04-07D00:11:38.784439000,1
123,1191.3,0.23,1190.7,1190.42,1190.1,1189.76,1189.64,1191.3,1192.3,1193.28,1193.5,1193.58,1.105,1.2,1.2,1.2,1.2,5.095,1.8,1.03696,1.98,1.03696,2017-04-07D00:23:39.813499000,2017-04-07D00:11:38.784439000,1
124,1191.3,0.23,1190.7,1190.42,1190.1,1189.76,1189.44,1191.3,1192.3,1193.28,1193.5,1193.58,1.105,1.2,1.2,1.2,1.2,5.095,1.8,1.03696,1.98,1.03696,2017-04-07D00:23:55.805051000,2017-04-07D00:11:38.784439000,1
125,1191.3,0.23,1190.42,1190.1,1189.76,1189.44,1189.18,1191.3,1192.3,1193.28,1193.5,1193.58,0.305,1.2,1.2,1.2,1.03696,5.095,1.8,1.03696,3.085,1.03696,2017-04-07D00:24:31.034840000,2017-04-07D00:11:38.784439000,1
126,1190.42,0.1455319,1190.42,1190.1,1189.76,1189.44,1189.18,1191.3,1192.3,1193.28,1193.5,1193.58,0.305,1.2,1.2,1.2,1.03696,5.095,1.8,1.03696,3.085,1.03696,2017-04-07D00:24:31.034840000,2017-04-07D00:24:35.438031000,2
127,1190.42,0.1455319,1189.82,1189.76,1189.5,1189.44,1189.18,1191.3,1192.3,1193.28,1193.5,1193.58,1.2,1.2,1.2,1.2,1.03696,5.095,1.8,1.03696,3.085,1.03696,2017-04-07D00:24:42.939462000,2017-04-07D00:24:35.438031000,1
128,1190.42,0.1455319,1189.82,1189.5,1189.18,1188.9,1188.89,1191.3,1192.3,1193.28,1193.5,1193.58,1.2,1.2,2.23696,1.2,1.03696,5.095,1.8,1.03696,3.085,1.03696,2017-04-07D00:24:52.665200000,2017-04-07D00:24:35.438031000,1
129,1190.42,0.1455319,1189.82,1189.5,1189.18,1188.89,1188.87,1191.3,1192.3,1193.28,1193.5,1193.58,1.2,1.2,2.23696,1.03696,1.2,5.095,1.8,1.03696,3.085,1.03696,2017-04-07D00:25:01.036221000,2017-04-07D00:24:35.438031000,1
132,1190.42,0.1455319,1189.82,1189.5,1189.18,1188.89,1188.87,1191.3,1192.3,1192.58,1193.5,1193.58,1.2,1.2,1.2,1.03696,1.2,5.095,1.8,1.03759,3.085,1.03696,2017-04-07D00:26:00.503322000,2017-04-07D00:24:35.438031000,1
133,1190.42,0.1455319,1189.82,1189.5,1189.18,1188.87,1188.7,1191.3,1192.3,1192.58,1192.87,1193.5,1.2,1.2,1.2,1.2,1.8381,5.095,1.8,1.03759,1.03759,3.085,2017-04-07D00:26:06.974655000,2017-04-07D00:24:35.438031000,1
134,1190.42,0.1455319,1189.82,1189.5,1189.18,1188.87,1188.7,1191.3,1192.3,1192.58,1192.87,1193.17,1.2,1.2,1.2,1.2,1.8381,5.095,1.8,1.03759,1.03759,1.03759,2017-04-07D00:26:11.864851000,2017-04-07D00:24:35.438031000,1
135,1190.42,0.1455319,1189.82,1189.5,1189.18,1188.87,1188.7,1191.3,1192.3,1192.58,1192.87,1193.17,1.2,1.2,1.2,1.2,1.8381,0.885,1.8,1.03759,1.03759,1.03759,2017-04-07D00:26:21.031567000,2017-04-07D00:24:35.438031000,1
136,1190.42,0.1455319,1189.82,1189.5,1189.18,1188.87,1188.7,1191.3,1192.3,1192.58,1192.87,1193.17,1.2,1.2,1.2,1.2,1.8381,5.265,1.8,1.03759,1.03759,1.03759,2017-04-07D00:26:22.186450000,2017-04-07D00:24:35.438031000,1
137,1190.42,0.1455319,1190.5,1190.18,1189.18,1188.87,1188.7,1191.29,1191.3,1192.3,1192.58,1192.87,1.2,1.2,1.2,1.2,1.8381,0.01381522,5.265,1.8,1.03759,1.03759,2017-04-07D00:26:32.815041000,2017-04-07D00:24:35.438031000,1
138,1190.42,0.1455319,1190.1,1189.79,1189.18,1188.87,1188.7,1191.29,1191.3,1192.3,1192.58,1192.87,1.2,1.2,1.2,1.2,1.8381,0.01381522,5.265,1.8,1.03759,1.03759,2017-04-07D00:26:44.155701000,2017-04-07D00:24:35.438031000,1
139,1190.42,0.1455319,1189.67,1189.36,1189.18,1188.87,1188.7,1191.29,1191.3,1192.3,1192.58,1192.87,1.2,1.2,1.2,1.2,1.8381,0.01381522,5.265,1.8,1.03759,1.03759,2017-04-07D00:27:09.442886000,2017-04-07D00:24:35.438031000,1
140,1190.42,0.1455319,1189.67,1189.36,1189.05,1188.73,1188.7,1191.29,1191.3,1192.3,1192.58,1192.87,1.2,1.2,1.2,1.2,1.8381,0.01381522,5.265,1.8,1.03759,1.03759,2017-04-07D00:27:17.528538000,2017-04-07D00:24:35.438031000,1
141,1190.42,0.1455319,1189.67,1189.36,1189.05,1188.73,1188.7,1191.3,1192.3,1192.58,1192.87,1193.17,1.2,1.2,1.2,1.2,1.8381,5.265,1.8,1.03759,1.03759,1.03759,2017-04-07D00:27:38.709497000,2017-04-07D00:24:35.438031000,1
142,1190.42,0.1455319,1189.67,1189.36,1189.05,1188.73,1188.7,1191.29,1191.3,1192.3,1192.58,1192.87,1.2,1.2,1.2,1.2,1.8381,0.01381522,5.265,1.8,1.03759,1.03759,2017-04-07D00:27:44.677628000,2017-04-07D00:24:35.438031000,1
143,1190.42,0.1455319,1189.36,1189.05,1188.73,1188.7,1188.48,1191.29,1191.3,1192.3,1192.58,1192.87,1.2,1.2,1.2,1.8381,1.03759,0.01381522,0.885,1.8,1.03759,1.03759,2017-04-07D00:28:08.352086000,2017-04-07D00:24:35.438031000,1
144,1190.42,0.1455319,1189.36,1189.05,1188.73,1188.7,1188.48,1191.29,1191.3,1192.3,1192.58,1192.87,1.2,2.4,1.2,1.8381,1.03759,4.833815,0.885,1.8,1.03759,1.03759,2017-04-07D00:28:12.629105000,2017-04-07D00:24:35.438031000,1
145,1190.42,0.1455319,1189.36,1189.05,1188.73,1188.7,1188.48,1191.29,1191.3,1192.3,1192.58,1192.87,1.2,1.2,2.4,1.8381,1.03759,4.083815,0.885,1.8,1.03759,1.03759,2017-04-07D00:28:15.832534000,2017-04-07D00:24:35.438031000,1
146,1190.42,0.1455319,1189.36,1189.05,1188.73,1188.7,1188.48,1191.29,1191.3,1192.3,1192.58,1192.87,1.2,1.2,1.2,1.8381,1.03759,4.083815,0.885,1.8,1.03759,1.03759,2017-04-07D00:28:19.186494000,2017-04-07D00:24:35.438031000,1
147,1190.42,0.1455319,1189.89,1189.59,1189.36,1189.05,1188.73,1191.29,1191.3,1192.3,1193.17,1193.47,1.03634,1.03634,1.2,1.2,1.2,4.083815,0.885,1.8,1.03759,1.03759,2017-04-07D00:28:26.588927000,2017-04-07D00:24:35.438031000,1
148,1190.42,0.1455319,1189.89,1189.59,1189.36,1189.05,1188.73,1191.29,1191.3,1192.3,1193.17,1193.47,1.03634,1.03634,1.2,1.2,1.2,0.01381522,0.885,1.8,1.03759,1.03759,2017-04-07D00:28:30.418075000,2017-04-07D00:24:35.438031000,1
149,1190.42,0.1455319,1189.89,1189.59,1189.36,1189.05,1188.73,1191.29,1191.3,1192.3,1193.17,1193.47,1.03634,1.03634,1.2,1.2,1.2,4.253815,0.885,1.8,1.03759,1.03759,2017-04-07D00:28:38.638965000,2017-04-07D00:24:35.438031000,1
150,1190.42,0.1455319,1189.89,1189.71,1189.6,1189.59,1189.36,1191.29,1191.3,1192.3,1193.5,1193.99,1.03634,1.03597,1.0358,1.03634,1.2,4.253815,0.885,1.8,3.085,1.03634,2017-04-07D00:28:52.553828000,2017-04-07D00:24:35.438031000,1
151,1190.42,0.1455319,1189.89,1189.71,1189.6,1189.59,1189.36,1191.29,1191.3,1192.3,1193.5,1193.99,1.03634,1.03597,1.0358,1.03634,1.2,4.24,0.885,1.8,3.085,1.03634,2017-04-07D00:28:54.700871000,2017-04-07D00:24:35.438031000,1
152,1189.89,0.07913192,1189.89,1189.71,1189.6,1189.59,1189.36,1191.29,1191.3,1192.3,1193.5,1193.99,1.03634,1.03597,1.0358,1.03634,1.2,4.24,0.885,1.8,3.085,1.03634,2017-04-07D00:28:54.700871000,2017-04-07D00:29:52.497017000,2
153,1189.89,0.07913192,1189.89,1189.71,1189.6,1189.59,1189.36,1191.29,1191.3,1192.3,1193.5,1193.99,0.03634,1.03597,1.0358,1.03634,1.2,4.24,0.885,1.8,3.085,1.03634,2017-04-07D00:29:54.229012000,2017-04-07D00:29:52.497017000,1
154,1189.89,0.07913192,1189.79,1189.36,1189.21,1189.05,1188.91,1191.29,1191.3,1192.3,1193.5,1193.61,1.03617,1.2,1.03642,1.2,1.03617,4.24,0.885,1.8,3.085,1.03617,2017-04-07D00:30:27.130977000,2017-04-07D00:29:52.497017000,1
155,1189.89,0.07913192,1189.36,1189.05,1188.91,1188.73,1188.71,1191.29,1191.3,1192.3,1192.81,1193.11,1.2,1.2,1.03617,1.2,1.03713,4.24,0.885,1.8,1.03713,1.03713,2017-04-07D00:31:02.742087000,2017-04-07D00:29:52.497017000,1
156,1189.89,0.07913192,1189.36,1189.05,1188.73,1188.71,1188.7,1191.29,1191.3,1192.3,1192.81,1193.11,1.2,1.2,1.2,1.03713,1.8381,4.24,0.885,1.8,1.03713,1.03713,2017-04-07D00:31:22.270967000,2017-04-07D00:29:52.497017000,1
157,1189.89,0.07913192,1189.05,1189.01,1188.73,1188.71,1188.7,1191.29,1191.3,1192.3,1192.81,1193.11,1.2,1.2,1.2,1.03713,1.8381,4.24,0.885,1.8,1.03713,1.03713,2017-04-07D00:31:53.078478000,2017-04-07D00:29:52.497017000,1
158,1189.89,0.07913192,1189.01,1188.71,1188.7,1188.68,1188.41,1191.29,1191.3,1192.3,1192.81,1193.11,1.2,1.03713,3.0381,1.03662,1.03713,4.24,0.885,1.8,1.03713,1.03713,2017-04-07D00:31:58.105650000,2017-04-07D00:29:52.497017000,1
159,1189.89,0.07913192,1189.01,1188.71,1188.7,1188.68,1188.41,1191.3,1192.3,1192.81,1193.11,1193.5,1.2,1.03713,3.0381,1.03662,1.03713,0.885,1.8,1.03713,1.03713,3.085,2017-04-07D00:32:41.902376000,2017-04-07D00:29:52.497017000,1
160,1189.89,0.07913192,1189.01,1188.71,1188.7,1188.68,1188.41,1191.29,1191.3,1192.3,1192.81,1193.11,1.2,1.03713,3.0381,1.03662,1.03713,4.08,0.885,1.8,1.03713,1.03713,2017-04-07D00:32:44.420776000,2017-04-07D00:29:52.497017000,1
161,1189.89,0.07913192,1189.01,1188.71,1188.7,1188.68,1188.41,1191.28,1191.29,1191.3,1192.3,1192.81,1.2,1.03713,3.0381,1.03662,1.03713,0.01380824,4.08,0.885,1.8,1.03713,2017-04-07D00:32:47.721278000,2017-04-07D00:29:52.497017000,1
162,1189.89,0.07913192,1189.01,1188.71,1188.7,1188.68,1188.41,1191.28,1191.3,1192.3,1192.81,1193.11,1.2,1.03713,3.0381,1.03662,1.03713,4.313808,0.885,1.8,1.03713,1.03713,2017-04-07D00:32:51.942722000,2017-04-07D00:29:52.497017000,1
163,1189.89,0.07913192,1189.34,1189.05,1188.71,1188.7,1188.68,1191.28,1191.3,1192.3,1192.81,1193.11,1.2,1.2,1.03713,1.8381,1.03662,4.313808,0.885,1.8,1.03713,1.03713,2017-04-07D00:33:35.498620000,2017-04-07D00:29:52.497017000,1
164,1189.89,0.07913192,1189.34,1189.05,1188.74,1188.71,1188.7,1191.28,1191.3,1192.3,1192.81,1193.11,1.2,1.2,1.2,1.03713,1.8381,4.313808,0.885,1.8,1.03713,1.03713,2017-04-07D00:33:44.936978000,2017-04-07D00:29:52.497017000,1
165,1189.89,0.07913192,1189.34,1189.05,1188.74,1188.71,1188.7,1191.28,1191.3,1192.3,1192.81,1193.11,1.2,1.2,1.2,1.03713,1.8381,4.3,0.885,1.8,1.03713,1.03713,2017-04-07D00:33:53.411913000,2017-04-07D00:29:52.497017000,1
166,1189.89,0.07913192,1189.67,1189.36,1188.74,1188.71,1188.7,1191.28,1191.3,1192.3,1192.81,1193.11,1.2,1.2,1.2,1.03713,1.8381,4.3,0.885,1.8,1.03713,1.03713,2017-04-07D00:34:30.746240000,2017-04-07D00:29:52.497017000,1
167,1189.89,0.07913192,1189.67,1189.36,1189.05,1188.71,1188.7,1191.28,1191.3,1192.3,1192.81,1193.11,1.2,1.2,1.2,1.03713,1.8381,4.3,0.885,1.8,1.03713,1.03713,2017-04-07D00:34:39.093091000,2017-04-07D00:29:52.497017000,1
168,1189.89,0.07913192,1189.67,1189.36,1189.05,1188.72,1188.71,1191.28,1191.3,1192.3,1192.81,1193.11,1.2,1.2,1.2,1.2,1.03713,4.76,0.885,1.8,1.03713,1.03713,2017-04-07D00:34:43.074813000,2017-04-07D00:29:52.497017000,1
169,1189.89,0.07913192,1189.67,1189.36,1189.05,1188.72,1188.7,1191.28,1191.3,1191.92,1192.21,1192.3,1.2,1.2,1.2,1.2,1.8381,4.76,0.885,1.03793,1.03793,1.8,2017-04-07D00:36:20.809728000,2017-04-07D00:29:52.497017000,1
170,1189.89,0.07913192,1190.02,1189.71,1189.05,1188.72,1188.7,1191.28,1191.3,1191.92,1192.21,1192.3,1.2,1.2,1.2,1.2,1.8381,4.76,0.885,1.03793,1.03793,1.8,2017-04-07D00:36:29.387959000,2017-04-07D00:29:52.497017000,1
171,1189.89,0.07913192,1190.02,1189.71,1189.43,1189.12,1188.7,1191.28,1191.3,1191.92,1192.21,1192.3,1.2,1.2,1.2,1.2,1.8381,4.76,0.885,1.03793,1.03793,1.8,2017-04-07D00:36:41.245509000,2017-04-07D00:29:52.497017000,1
172,1189.89,0.07913192,1190.02,1189.71,1189.43,1189.12,1188.8,1191.28,1191.3,1191.92,1192.21,1192.3,1.2,1.2,1.2,1.2,1.2,4.76,0.885,1.03793,1.03793,1.8,2017-04-07D00:36:52.404487000,2017-04-07D00:29:52.497017000,1
173,1191.28,9.52,1190.02,1189.71,1189.43,1189.12,1188.8,1191.28,1191.3,1191.92,1192.21,1192.3,1.2,1.2,1.2,1.2,1.2,4.76,0.885,1.03793,1.03793,1.8,2017-04-07D00:36:52.404487000,2017-04-07D00:37:17.033237000,2
174,1191.28,9.52,1190.02,1189.71,1189.43,1189.12,1188.8,1191.3,1191.92,1192.21,1192.3,1192.45,1.2,1.2,1.2,1.2,1.2,0.645,1.03793,1.03793,1.8,1.03799,2017-04-07D00:37:18.067846000,2017-04-07D00:37:17.033237000,1
175,1191.3,0.48,1190.02,1189.71,1189.43,1189.12,1188.8,1191.3,1191.92,1192.21,1192.3,1192.45,1.2,1.2,1.2,1.2,1.2,0.645,1.03793,1.03793,1.8,1.03799,2017-04-07D00:37:18.067846000,2017-04-07D00:37:22.112303000,2
176,1191.3,0.48,1190.02,1189.71,1189.43,1189.12,1188.8,1191.3,1191.92,1192.21,1192.3,1192.45,1.2,1.2,1.2,1.2,1.2,4.725,1.03793,1.03793,1.8,1.03799,2017-04-07D00:37:23.164548000,2017-04-07D00:37:22.112303000,1
177,1191.3,0.48,1190.48,1190.16,1189.43,1189.12,1188.8,1191.3,1191.92,1192.21,1192.3,1192.45,1.2,1.2,1.2,1.2,1.2,4.725,1.03793,1.03793,1.8,1.03799,2017-04-07D00:38:02.023559000,2017-04-07D00:37:22.112303000,1
178,1191.3,0.48,1190.82,1190.51,1189.92,1189.6,1188.8,1191.3,1191.92,1192.21,1192.3,1192.45,1.2,1.2,1.2,1.2,1.2,4.725,1.03793,1.03793,1.8,1.03799,2017-04-07D00:38:20.326908000,2017-04-07D00:37:22.112303000,1
179,1191.3,0.48,1190.82,1190.51,1190.45,1190.14,1188.8,1191.3,1191.92,1192.21,1192.3,1192.45,1.2,1.2,1.2,1.2,1.2,4.725,1.03793,1.03793,1.8,1.03799,2017-04-07D00:38:40.276848000,2017-04-07D00:37:22.112303000,1
180,1191.3,0.48,1190.82,1190.51,1190.45,1190.14,1189.81,1191.3,1191.92,1192.21,1192.3,1192.45,1.2,1.2,1.2,1.2,1.2,4.725,1.03793,1.03793,1.8,1.03799,2017-04-07D00:38:45.659830000,2017-04-07D00:37:22.112303000,1
181,1191.3,3.71,1190.82,1190.51,1190.45,1190.14,1189.81,1191.3,1191.92,1192.21,1192.3,1192.45,1.2,1.2,1.2,1.2,1.2,4.725,1.03793,1.03793,1.8,1.03799,2017-04-07D00:38:45.659830000,2017-04-07D00:39:53.744280000,2
182,1191.3,3.71,1190.82,1190.7,1190.51,1190.45,1190.14,1191.3,1191.92,1192.21,1192.3,1192.45,1.2,0.645,1.2,1.2,1.2,2.225,1.03793,1.03793,1.8,1.03799,2017-04-07D00:39:56.134012000,2017-04-07D00:39:53.744280000,1
183,1191.3,3.71,1190.93,1190.7,1190.61,1190.3,1190.14,1191.3,1191.92,1192.21,1192.3,1192.45,1.2,0.645,1.2,1.2,1.2,2.225,1.03793,1.03793,1.8,1.03799,2017-04-07D00:40:21.773379000,2017-04-07D00:39:53.744280000,1
184,1191.3,3.71,1190.93,1190.7,1190.61,1190.3,1190.2,1191.3,1191.92,1192.21,1192.3,1192.45,1.2,0.645,1.2,1.2,1.2,2.225,1.03793,1.03793,1.8,1.03799,2017-04-07D00:40:28.562759000,2017-04-07D00:39:53.744280000,1
185,1191.3,3.71,1190.93,1190.7,1190.61,1190.3,1190.2,1191.3,1192.3,1192.45,1192.74,1192.83,1.2,0.645,1.2,1.2,1.2,2.225,1.8,1.03799,1.03799,1.03817,2017-04-07D00:40:46.744217000,2017-04-07D00:39:53.744280000,1
186,1191.3,3.71,1190.93,1190.7,1190.61,1190.3,1190.2,1191.3,1192.3,1192.9,1193.19,1193.34,1.2,0.645,1.2,1.2,1.2,2.225,1.8,1.03707,1.03707,1.03799,2017-04-07D00:41:00.115455000,2017-04-07D00:39:53.744280000,1
187,1191.3,3.71,1190.93,1190.7,1190.61,1190.3,1190.2,1191.3,1192.3,1192.9,1193.19,1193.49,1.2,0.645,1.2,1.2,1.2,2.225,1.8,1.03707,1.03707,1.03707,2017-04-07D00:41:09.273974000,2017-04-07D00:39:53.744280000,1
188,1191.3,3.71,1191.24,1190.93,1190.7,1190.3,1190.2,1191.3,1192.3,1192.9,1193.19,1193.49,1.2,1.2,0.645,1.2,1.2,2.225,1.8,1.03707,1.03707,1.03707,2017-04-07D00:41:17.750358000,2017-04-07D00:39:53.744280000,1
189,1191.3,3.71,1191.24,1190.93,1190.7,1190.36,1189.88,1191.3,1192.3,1192.9,1193.19,1193.49,1.2,1.2,1.845,1.2,1.2,2.225,1.8,1.03707,1.03707,1.03707,2017-04-07D00:41:30.161148000,2017-04-07D00:39:53.744280000,1
190,1191.3,3.71,1191.24,1190.93,1190.7,1190.36,1189.99,1191.3,1192.3,1192.9,1193.19,1193.49,1.2,1.2,1.845,1.2,1.2,2.225,1.8,1.03707,1.03707,1.03707,2017-04-07D00:41:37.256033000,2017-04-07D00:39:53.744280000,1
191,1191.3,3.71,1190.92,1190.7,1190.6,1190.36,1189.99,1191.3,1192.3,1192.9,1193.19,1193.49,1.2,1.845,1.2,1.2,1.2,2.225,1.8,1.03707,1.03707,1.03707,2017-04-07D00:42:08.314873000,2017-04-07D00:39:53.744280000,1
192,1191.3,3.71,1190.92,1190.7,1190.6,1190.42,1190.36,1191.3,1192.3,1192.9,1193.19,1193.49,1.2,0.645,1.2,1.2,1.2,2.225,1.8,1.03707,1.03707,1.03707,2017-04-07D00:42:26.272082000,2017-04-07D00:39:53.744280000,1
193,1191.3,3.71,1190.92,1190.7,1190.6,1190.42,1190.1,1191.3,1192.3,1192.9,1193.19,1193.49,1.2,0.645,1.2,1.2,1.2,2.225,1.8,1.03707,1.03707,1.03707,2017-04-07D00:42:45.771762000,2017-04-07D00:39:53.744280000,1
194,1191.3,3.71,1190.92,1190.7,1190.6,1190.42,1190.1,1191.3,1192.29,1192.3,1192.9,1193.19,1.2,0.645,1.2,1.2,1.2,4.19,0.01381405,1.8,1.03707,1.03707,2017-04-07D00:43:00.790514000,2017-04-07D00:39:53.744280000,1
195,1191.3,3.71,1190.92,1190.7,1190.6,1190.42,1190.1,1191.3,1192.3,1192.9,1193.19,1193.49,1.2,0.645,1.2,1.2,1.2,4.19,1.8,1.03707,1.03707,1.03707,2017-04-07D00:43:18.978779000,2017-04-07D00:39:53.744280000,1
196,1191.3,3.71,1190.92,1190.7,1190.6,1190.42,1190.1,1191.3,1192.14,1192.3,1192.44,1193.49,1.2,0.645,1.2,1.2,1.2,4.19,1.03775,1.8,1.03775,1.03707,2017-04-07D00:43:22.503763000,2017-04-07D00:39:53.744280000,1
197,1191.3,3.71,1190.92,1190.7,1190.6,1190.42,1190.1,1191.29,1191.3,1192.14,1192.3,1192.44,1.2,0.645,1.2,1.2,1.2,0.01429121,4.19,1.03775,1.8,1.03775,2017-04-07D00:43:30.717539000,2017-04-07D00:39:53.744280000,1
198,1191.3,3.71,1190.92,1190.7,1190.6,1190.42,1190.1,1191.3,1192.14,1192.3,1192.44,1192.74,1.2,0.645,1.2,1.2,1.2,4.19,1.03775,1.8,1.03775,1.03774,2017-04-07D00:44:31.928549000,2017-04-07D00:39:53.744280000,1
199,1191.3,3.71,1190.92,1190.7,1190.6,1190.42,1190.1,1191.3,1192.13,1192.14,1192.3,1192.44,1.2,0.645,1.2,1.2,1.2,4.03,2,1.03775,1.8,1.03775,2017-04-07D00:44:41.607913000,2017-04-07D00:39:53.744280000,1
200,1191.3,3.71,1190.92,1190.7,1190.6,1190.42,1190.1,1191.29,1191.3,1192.13,1192.14,1192.3,1.2,0.645,1.2,1.2,1.2,0.01429121,4.03,2,1.03775,1.8,2017-04-07D00:44:45.817636000,2017-04-07D00:39:53.744280000,1
201,1191.3,3.71,1190.92,1190.7,1190.6,1190.42,1190.1,1191.29,1192.13,1192.14,1192.3,1192.44,1.2,0.645,1.2,1.2,1.2,0.01429121,2,1.03775,1.8,1.03775,2017-04-07D00:45:01.703489000,2017-04-07D00:39:53.744280000,1
202,1190.92,2,1190.92,1190.7,1190.6,1190.42,1190.1,1191.29,1192.13,1192.14,1192.3,1192.44,1.2,0.645,1.2,1.2,1.2,0.01429121,2,1.03775,1.8,1.03775,2017-04-07D00:45:01.703489000,2017-04-07D00:45:05.581313000,2
203,1190.92,2,1190.92,1190.7,1190.6,1190.42,1190.1,1191.29,1192.13,1192.14,1192.3,1192.44,0.2,0.645,1.2,1.2,1.2,4.274291,2,1.03775,1.8,1.03775,2017-04-07D00:45:06.655946000,2017-04-07D00:45:05.581313000,1
204,1190.92,2,1190.92,1190.7,1190.6,1190.42,1190.1,1191.29,1191.39,1191.69,1191.91,1192.13,0.2,0.645,1.2,1.2,1.2,4.274291,1.03842,1.03842,1.03848,2,2017-04-07D00:45:15.649606000,2017-04-07D00:45:05.581313000,1
206,1190.92,2,1190.92,1190.7,1190.6,1190.42,1190.1,1191.29,1191.39,1191.69,1191.91,1192.13,0.2,0.645,1.2,1.2,1.2,4.26,1.03842,1.03842,1.03848,2,2017-04-07D00:45:45.921186000,2017-04-07D00:45:05.581313000,1
207,1190.92,2,1190.92,1190.7,1190.6,1190.42,1190.1,1191.28,1191.29,1191.39,1191.69,1191.91,0.2,0.645,1.2,1.2,1.2,0.01429121,4.26,1.03842,1.03842,1.03848,2017-04-07D00:46:03.435772000,2017-04-07D00:45:05.581313000,1
209,1190.92,2,1190.92,1190.7,1190.6,1190.42,1190.1,1191.29,1191.39,1191.69,1191.91,1192.21,0.2,0.645,1.2,1.2,1.2,4.26,1.03842,1.03842,1.03848,1.03848,2017-04-07D00:46:58.379048000,2017-04-07D00:45:05.581313000,1
212,1190.92,2,1190.92,1190.7,1190.6,1190.42,1190.1,1191.28,1191.29,1191.39,1191.69,1191.91,0.2,0.645,1.2,1.2,1.2,0.01429121,4.26,1.03842,1.03842,1.03848,2017-04-07D00:47:18.591671000,2017-04-07D00:45:05.581313000,1
213,1190.92,2,1190.42,1190.1,1189.83,1189.52,1189.19,1191.28,1191.29,1191.39,1191.69,1191.91,0.245,1.2,1.2,1.2,1.2,0.01429121,4.26,1.03842,1.03842,1.03848,2017-04-07D00:47:39.384392000,2017-04-07D00:45:05.581313000,1
214,1190.92,0.3208681,1190.42,1190.1,1189.83,1189.52,1189.19,1191.28,1191.29,1191.39,1191.69,1191.91,0.245,1.2,1.2,1.2,1.2,0.01429121,4.26,1.03842,1.03842,1.03848,2017-04-07D00:47:39.384392000,2017-04-07D00:47:40.580694000,2
215,1190.6,2.320868,1190.42,1190.1,1189.83,1189.52,1189.19,1191.28,1191.29,1191.39,1191.69,1191.91,0.245,1.2,1.2,1.2,1.2,0.01429121,4.26,1.03842,1.03842,1.03848,2017-04-07D00:47:39.384392000,2017-04-07D00:47:41.641804000,2
216,1190.42,1.443132,1190.42,1190.1,1189.83,1189.52,1189.19,1191.28,1191.29,1191.39,1191.69,1191.91,0.245,1.2,1.2,1.2,1.2,0.01429121,4.26,1.03842,1.03842,1.03848,2017-04-07D00:47:39.384392000,2017-04-07D00:47:49.745024000,2
217,1190.42,1.443132,1190.42,1190.1,1189.83,1189.52,1189.19,1191.28,1191.29,1191.39,1191.69,1191.91,0.245,1.2,1.2,1.2,1.2,2.014291,4.26,1.03842,1.03842,1.03848,2017-04-07D00:47:50.959469000,2017-04-07D00:47:49.745024000,1
219,1190.42,1.443132,1189.83,1189.82,1189.52,1189.39,1189.19,1190.47,1190.77,1191.28,1191.91,1192.21,1.2,1.2,1.2,1.2,1.2,5.51925,1.03925,2.014291,1.03848,1.03848,2017-04-07D00:48:03.086591000,2017-04-07D00:47:49.745024000,1
220,1190.42,1.443132,1189.83,1189.82,1189.52,1189.39,1189.19,1190.47,1190.77,1191.06,1191.36,1192.3,1.2,1.2,1.2,1.2,1.2,5.51925,1.03925,1.03925,1.03925,1.8,2017-04-07D00:48:12.970943000,2017-04-07D00:47:49.745024000,1
221,1190.42,1.443132,1189.83,1189.82,1189.52,1189.39,1189.19,1190.46,1190.47,1190.77,1191.06,1191.36,1.2,1.2,1.2,1.2,1.2,0.01429121,5.51925,1.03925,1.03925,1.03925,2017-04-07D00:48:23.816045000,2017-04-07D00:47:49.745024000,1
222,1190.42,1.443132,1189.82,1189.62,1189.39,1189.19,1188.88,1190.46,1190.47,1190.77,1191.06,1191.36,1.2,1.2,1.2,1.2,1.2,0.01429121,5.51925,1.03925,1.03925,1.03925,2017-04-07D00:48:27.666400000,2017-04-07D00:47:49.745024000,1
223,1190.42,1.443132,1189.82,1189.62,1189.3,1188.87,1188.7,1190.46,1190.47,1190.77,1191.06,1191.36,1.2,1.2,1.2,1.2,1.8381,0.01429121,5.51925,1.03925,1.03925,1.03925,2017-04-07D00:48:39.095736000,2017-04-07D00:47:49.745024000,1
225,1190.42,1.443132,1189.82,1189.62,1189.3,1188.87,1188.7,1190.46,1190.47,1191.06,1191.29,1191.36,1.2,1.2,1.2,1.2,1.8381,0.01429121,4.48,1.03925,1.03851,1.03925,2017-04-07D00:49:13.586951000,2017-04-07D00:47:49.745024000,1
226,1190.42,1.443132,1189.82,1189.62,1189.3,1188.87,1188.7,1190.46,1190.47,1191.29,1191.59,1191.61,1.2,1.2,1.2,1.2,1.8381,0.01429121,4.48,1.03851,1.03851,1.03929,2017-04-07D00:49:18.363349000,2017-04-07D00:47:49.745024000,1
227,1190.42,1.443132,1189.82,1189.62,1189.3,1188.87,1188.7,1190.47,1191.29,1191.59,1191.61,1191.89,1.2,1.2,1.2,1.2,1.8381,4.48,1.03851,1.03851,1.03929,1.03851,2017-04-07D00:49:29.025901000,2017-04-07D00:47:49.745024000,1
228,1190.42,1.443132,1189.82,1189.62,1189.3,1188.87,1188.7,1190.46,1190.47,1191.29,1191.59,1191.61,1.2,1.2,1.2,1.2,1.8381,0.01429121,4.48,1.03851,1.03851,1.03929,2017-04-07D00:49:33.341799000,2017-04-07D00:47:49.745024000,1
229,1190.42,1.443132,1189.82,1189.62,1189.3,1188.87,1188.7,1190.46,1190.47,1190.57,1190.87,1191.61,1.2,1.2,1.2,1.2,1.8381,0.01429121,4.48,1.03916,1.03916,1.03929,2017-04-07D00:49:38.100797000,2017-04-07D00:47:49.745024000,1
230,1190.42,1.443132,1189.39,1189.3,1189.08,1188.87,1188.7,1190.46,1190.47,1190.57,1190.87,1191.61,1.2,1.2,1.2,1.2,1.8381,0.01429121,4.48,1.03916,1.03916,1.03929,2017-04-07D00:49:44.969368000,2017-04-07D00:47:49.745024000,1
232,1190.42,1.443132,1189.39,1189.3,1189.08,1188.87,1188.7,1190.46,1190.47,1190.57,1190.71,1190.87,1.2,1.2,1.2,1.2,1.8381,0.01429121,4.48,1.03916,1.03901,1.03916,2017-04-07D00:49:51.310106000,2017-04-07D00:47:49.745024000,1
233,1190.42,1.443132,1189.39,1189.08,1188.89,1188.7,1188.68,1190.46,1190.47,1190.57,1190.71,1190.87,1.2,1.2,1.2,1.8381,1.2,0.01429121,4.48,1.03916,1.03901,1.03916,2017-04-07D00:50:04.814920000,2017-04-07D00:47:49.745024000,1
234,1190.42,1.443132,1189.39,1189.08,1188.89,1188.7,1188.58,1190.46,1190.47,1190.57,1190.71,1190.87,1.2,1.2,1.2,1.8381,1.2,0.01429121,4.48,1.03916,1.03901,1.03916,2017-04-07D00:50:15.607521000,2017-04-07D00:47:49.745024000,1
235,1190.42,1.443132,1189.39,1189.08,1188.89,1188.7,1188.58,1190.47,1190.57,1190.71,1190.87,1191.01,1.2,1.2,1.2,1.8381,1.2,4.23,1.03916,1.03901,1.03916,1.03957,2017-04-07D00:50:37.941775000,2017-04-07D00:47:49.745024000,1
236,1190.42,1.443132,1189.39,1189.08,1188.89,1188.7,1188.58,1190.47,1190.56,1190.57,1190.71,1190.87,1.2,1.2,1.2,1.8381,1.2,4.23,0.01429121,1.03916,1.03901,1.03916,2017-04-07D00:50:49.136712000,2017-04-07D00:47:49.745024000,1
237,1190.42,1.443132,1189.39,1189.08,1188.89,1188.7,1188.58,1190.46,1190.47,1190.56,1190.57,1190.71,1.2,1.2,1.2,1.8381,1.2,2,4.23,0.01429121,1.03916,1.03901,2017-04-07D00:50:51.381126000,2017-04-07D00:47:49.745024000,1
238,1190.42,1.443132,1189.39,1189.08,1188.89,1188.7,1188.58,1189.84,1190.43,1190.46,1190.56,1190.87,1.2,1.2,1.2,1.8381,1.2,1.03982,1.03982,2,0.01429121,1.03916,2017-04-07D00:50:58.144523000,2017-04-07D00:47:49.745024000,1
239,1190.42,1.443132,1188.89,1188.7,1188.58,1188.2,1187.88,1189.84,1190.43,1190.46,1190.56,1190.87,0.6,1.8381,1.2,1.2,1.2,1.03982,1.03982,2,0.01429121,1.03916,2017-04-07D00:51:04.491583000,2017-04-07D00:47:49.745024000,1
240,1188.89,0.2431319,1188.89,1188.7,1188.58,1188.2,1187.88,1189.84,1190.43,1190.46,1190.56,1190.87,0.6,1.8381,1.2,1.2,1.2,1.03982,1.03982,2,0.01429121,1.03916,2017-04-07D00:51:04.491583000,2017-04-07D00:51:09.825840000,2
241,1188.89,0.2431319,1188.89,1188.7,1188.58,1188.2,1187.88,1189.84,1190.43,1190.56,1190.87,1191.01,0.6,1.8381,1.2,1.2,1.2,5.23982,1.03982,0.01429121,1.03916,1.03957,2017-04-07D00:51:11.077569000,2017-04-07D00:51:09.825840000,1
242,1188.89,0.2431319,1188.89,1188.7,1188.58,1188.2,1187.88,1189.84,1190.06,1190.43,1190.56,1190.65,0.6,1.8381,1.2,1.2,1.2,5.23982,1.04021,1.03982,0.01429121,1.04021,2017-04-07D00:51:15.749204000,2017-04-07D00:51:09.825840000,1
243,1188.89,0.2431319,1188.7,1188.58,1188.28,1188.2,1187.88,1189.84,1190.06,1190.43,1190.56,1190.65,1.8381,1.2,1.2,1.2,1.2,5.23982,1.04021,1.03982,0.01429121,1.04021,2017-04-07D00:51:25.570604000,2017-04-07D00:51:09.825840000,1
244,1188.89,0.2431319,1188.7,1188.58,1188.55,1188.28,1188.23,1189.84,1190.06,1190.43,1190.65,1190.96,1.8381,1.2,1.2,1.2,1.2,5.23982,1.04021,1.03982,1.04021,1.03988,2017-04-07D00:51:44.789649000,2017-04-07D00:51:09.825840000,1
245,1188.89,0.2431319,1188.7,1188.55,1188.23,1188.2,1187.92,1189.84,1190.06,1190.43,1190.65,1190.96,1.8381,1.2,1.2,1.2,1.2,5.23982,1.04021,1.03982,1.04021,1.03988,2017-04-07D00:51:52.165754000,2017-04-07D00:51:09.825840000,1
246,1188.89,0.2431319,1188.7,1188.55,1188.23,1187.92,1187.7,1189.84,1190.06,1190.43,1190.65,1190.96,1.8381,1.2,1.2,1.2,2.08,5.23982,1.04021,1.03982,1.04021,1.03988,2017-04-07D00:51:55.449098000,2017-04-07D00:51:09.825840000,1
247,1188.89,0.2431319,1188.7,1188.55,1188.23,1187.92,1187.7,1189.83,1189.84,1190.06,1190.43,1190.65,1.8381,1.2,1.2,1.2,2.08,0.01429121,5.23982,1.04021,1.03982,1.04021,2017-04-07D00:51:58.310034000,2017-04-07D00:51:09.825840000,1
248,1188.89,0.2431319,1188.55,1188.23,1187.92,1187.7,1187.61,1189.3,1189.83,1189.84,1190.06,1190.43,1.0381,1.2,1.2,2.08,1.2,1.838,0.01429121,5.23982,1.04021,1.03982,2017-04-07D00:52:24.309063000,2017-04-07D00:51:09.825840000,1
249,1188.55,0.3238,1188.55,1188.23,1187.92,1187.7,1187.61,1189.3,1189.83,1189.84,1190.06,1190.43,1.0381,1.2,1.2,2.08,1.2,1.838,0.01429121,5.23982,1.04021,1.03982,2017-04-07D00:52:24.309063000,2017-04-07D00:52:25.315254000,2
250,1188.55,0.3238,1188.55,1188.23,1187.92,1187.7,1187.61,1188.84,1189.14,1189.3,1189.83,1189.92,1.0381,1.2,1.2,2.08,1.2,5.11071,1.04071,1.838,0.01429121,1.04028,2017-04-07D00:52:32.794421000,2017-04-07D00:52:25.315254000,1
251,1188.55,0.3238,1188.55,1188.23,1187.92,1187.7,1187.61,1188.84,1189.14,1189.3,1189.92,1190.22,1.0381,1.2,1.2,2.08,1.2,5.11071,1.04071,1.838,1.04028,1.04028,2017-04-07D00:52:58.188962000,2017-04-07D00:52:25.315254000,1
252,1188.55,0.3238,1188.55,1188.23,1187.92,1187.7,1187.61,1188.56,1188.84,1189.3,1189.92,1190.22,1.0381,1.2,1.2,2.08,1.2,2.08304,4.07,1.838,1.04028,1.04028,2017-04-07D00:53:24.490656000,2017-04-07D00:52:25.315254000,1
253,1188.55,0.3238,1188.55,1188.23,1187.92,1187.7,1187.61,1188.84,1188.89,1189.19,1189.3,1189.92,1.0381,1.2,1.2,2.08,1.2,4.07,1.04067,1.04067,1.838,1.04028,2017-04-07D00:53:41.633655000,2017-04-07D00:52:25.315254000,1
254,1188.55,0.3238,1188.55,1188.23,1187.92,1187.7,1187.61,1188.84,1188.89,1189.19,1189.3,1189.49,1.0381,1.2,1.2,2.08,1.2,4.07,1.04067,1.04067,1.838,1.04066,2017-04-07D00:53:56.989073000,2017-04-07D00:52:25.315254000,1
255,1188.55,0.3238,1188.75,1188.23,1187.92,1187.7,1187.61,1188.84,1188.89,1189.19,1189.3,1189.49,1.2,1.2,1.2,2.08,1.2,4.07,1.04067,1.04067,1.838,1.04066,2017-04-07D00:54:00.083375000,2017-04-07D00:52:25.315254000,1
256,1188.55,0.3238,1188.75,1188.44,1187.92,1187.7,1187.61,1188.84,1188.89,1189.19,1189.3,1189.49,1.2,1.2,1.2,2.08,1.2,4.07,1.04067,1.04067,1.838,1.04066,2017-04-07D00:54:01.107068000,2017-04-07D00:52:25.315254000,1
257,1188.55,0.3238,1188.75,1188.44,1188.17,1187.85,1187.7,1188.84,1188.89,1189.19,1189.3,1189.49,1.2,1.2,1.2,1.2,2.08,4.07,1.04067,1.04067,1.838,1.04066,2017-04-07D00:54:19.880139000,2017-04-07D00:52:25.315254000,1
258,1188.55,0.3238,1188.75,1188.44,1188.17,1187.85,1187.7,1188.83,1188.84,1188.89,1189.19,1189.3,1.2,1.2,1.2,1.2,2.08,0.01429121,4.07,1.04067,1.04067,1.838,2017-04-07D00:54:23.072616000,2017-04-07D00:52:25.315254000,1
259,1188.55,0.3238,1188.75,1188.44,1188.17,1187.85,1187.7,1188.83,1188.89,1189.19,1189.3,1189.49,1.2,1.2,1.2,1.2,2.08,4.024291,1.04067,1.04067,1.838,1.04066,2017-04-07D00:54:58.127678000,2017-04-07D00:52:25.315254000,1
260,1188.55,0.3238,1188.75,1188.44,1188.17,1187.85,1187.7,1188.83,1188.89,1189.19,1189.3,1189.49,0.2,1.2,1.2,1.2,2.08,4.024291,1.04067,1.04067,1.838,1.04066,2017-04-07D00:55:03.873179000,2017-04-07D00:52:25.315254000,1
261,1188.55,0.3238,1188.62,1188.31,1188.17,1187.85,1187.7,1188.83,1188.89,1189.19,1189.3,1189.49,1.2,1.2,1.2,1.2,2.08,4.024291,1.04067,1.04067,1.838,1.04066,2017-04-07D00:55:07.693324000,2017-04-07D00:52:25.315254000,1
262,1188.75,0.1669319,1188.62,1188.31,1188.17,1187.85,1187.7,1188.83,1188.89,1189.19,1189.3,1189.49,1.2,1.2,1.2,1.2,2.08,4.024291,1.04067,1.04067,1.838,1.04066,2017-04-07D00:55:07.693324000,2017-04-07D00:55:09.550289000,2
263,1188.75,0.1669319,1188.62,1188.31,1187.95,1187.7,1187.64,1188.83,1188.89,1189.19,1189.3,1189.49,1.2,1.2,1.2,2.08,1.2,4.01,1.04067,1.04067,1.838,1.04066,2017-04-07D00:55:24.568712000,2017-04-07D00:55:09.550289000,1
264,1188.75,0.1669319,1188.62,1188.31,1187.95,1187.7,1187.64,1188.82,1188.83,1188.89,1189.19,1189.3,1.2,1.2,1.2,2.08,1.2,0.01429121,4.01,1.04067,1.04067,1.838,2017-04-07D00:55:36.854825000,2017-04-07D00:55:09.550289000,1
265,1188.75,0.1669319,1188.62,1188.31,1187.95,1187.7,1187.64,1188.82,1188.89,1189.19,1189.3,1189.49,1.2,1.2,1.2,2.08,1.2,4.024291,1.04067,1.04067,1.838,1.04066,2017-04-07D00:55:59.198350000,2017-04-07D00:55:09.550289000,1
266,1188.75,0.1669319,1188.62,1188.31,1187.95,1187.7,1187.64,1188.82,1188.89,1189.19,1189.3,1189.49,1.2,1.2,1.2,2.08,1.2,4.01,1.04067,1.04067,1.838,1.04066,2017-04-07D00:56:36.782157000,2017-04-07D00:55:09.550289000,1
267,1188.75,0.1669319,1188.31,1187.95,1187.83,1187.7,1187.64,1188.82,1188.89,1189.19,1189.3,1189.49,1.2,1.2,1.2,2.08,1.2,4.01,1.04067,1.04067,1.838,1.04066,2017-04-07D00:56:41.913171000,2017-04-07D00:55:09.550289000,1
268,1188.75,0.1669319,1187.95,1187.83,1187.7,1187.64,1187.51,1188.82,1188.89,1189.19,1189.3,1189.49,1.2,1.2,2.08,1.2,1.2,4.01,1.04067,1.04067,1.838,1.04066,2017-04-07D00:56:44.833738000,2017-04-07D00:55:09.550289000,1
269,1188.62,2,1187.95,1187.83,1187.7,1187.64,1187.51,1188.82,1188.89,1189.19,1189.3,1189.49,1.2,1.2,2.08,1.2,1.2,4.01,1.04067,1.04067,1.838,1.04066,2017-04-07D00:56:44.833738000,2017-04-07D00:56:47.385286000,2
270,1188.62,2,1187.95,1187.83,1187.7,1187.64,1187.51,1188.81,1188.82,1188.89,1189.19,1189.3,1.2,1.2,2.08,1.2,1.2,0.01429121,4.01,1.04067,1.04067,1.838,2017-04-07D00:56:50.668416000,2017-04-07D00:56:47.385286000,1
271,1188.62,2,1187.75,1187.7,1187.64,1187.51,1187.32,1188.81,1188.82,1188.89,1189.19,1189.3,1.2,2.08,1.2,1.2,1.2,0.01429121,4.01,1.04067,1.04067,1.838,2017-04-07D00:57:00.405484000,2017-04-07D00:56:47.385286000,1
272,1188.62,2,1187.75,1187.7,1187.42,1187.2,1187.13,1188.81,1188.82,1188.89,1189.19,1189.3,1.2,2.08,1.2,3,1.2,0.01429121,4.01,1.04067,1.04067,1.838,2017-04-07D00:57:13.215412000,2017-04-07D00:56:47.385286000,1
273,1188.62,2,1187.75,1187.7,1187.42,1187.2,1187.13,1188.82,1188.89,1189.19,1189.3,1189.49,1.2,2.08,1.2,3,1.2,4.01,1.04067,1.04067,1.838,1.04066,2017-04-07D00:57:53.204254000,2017-04-07D00:56:47.385286000,1
274,1188.62,2,1187.75,1187.7,1187.42,1187.2,1187.13,1188.81,1188.82,1188.89,1189.19,1189.3,1.2,2.08,1.2,3,1.2,0.01429121,4.01,1.04067,1.04067,1.838,2017-04-07D00:57:59.368046000,2017-04-07D00:56:47.385286000,1
275,1188.62,2,1187.7,1187.42,1187.2,1187.13,1186.8,1188.3,1188.81,1188.82,1188.89,1189.19,1.28,1.2,3,1.2,1.88717,0.8,0.01429121,4.01,1.04067,1.04067,2017-04-07D00:58:03.473038000,2017-04-07D00:56:47.385286000,1
276,1187.75,0.8227319,1187.7,1187.42,1187.2,1187.13,1186.8,1188.3,1188.81,1188.82,1188.89,1189.19,1.28,1.2,3,1.2,1.88717,0.8,0.01429121,4.01,1.04067,1.04067,2017-04-07D00:58:03.473038000,2017-04-07D00:58:04.629790000,2
277,1187.75,0.8227319,1187.7,1187.2,1187.19,1186.88,1186.8,1188.3,1188.81,1188.82,1188.89,1189.19,1.28,3,1.2,1.2,1.88717,0.8,0.01429121,4.01,1.04067,1.04067,2017-04-07D00:58:08.125238000,2017-04-07D00:58:04.629790000,1
278,1187.75,0.8227319,1187.7,1187.5,1187.2,1187.19,1186.88,1188.3,1188.81,1188.82,1188.89,1189.19,1.28,1.2,3,1.2,1.2,0.8,0.01429121,4.01,1.04067,1.04067,2017-04-07D00:58:13.028138000,2017-04-07D00:58:04.629790000,1
279,1187.75,0.8227319,1187.7,1187.5,1187.2,1187.19,1186.88,1188.3,1188.81,1188.82,1189.19,1189.3,1.28,1.2,3,1.2,1.2,0.8,0.01429121,4.01,1.04067,1.838,2017-04-07D00:58:14.088957000,2017-04-07D00:58:04.629790000,1
280,1187.75,0.8227319,1187.7,1187.5,1187.2,1187.19,1186.88,1188.02,1188.3,1188.32,1188.81,1188.82,1.28,1.2,3,1.2,1.2,1.04146,0.8,1.04146,0.01429121,4.01,2017-04-07D00:58:16.558224000,2017-04-07D00:58:04.629790000,1
281,1187.75,0.8227319,1187.5,1187.2,1187.19,1186.88,1186.8,1188.02,1188.3,1188.32,1188.61,1188.81,1.2,3,1.2,1.2,1.88717,1.04146,0.8,1.04146,1.04146,0.01429121,2017-04-07D00:58:18.935960000,2017-04-07D00:58:04.629790000,1
282,1187.75,0.8227319,1187.5,1187.2,1187.19,1186.88,1186.8,1188.02,1188.3,1188.32,1188.61,1188.81,1.2,3,1.2,1.2,1.88717,5.33146,0.8,1.04146,1.04146,0.01429121,2017-04-07D00:58:25.067100000,2017-04-07D00:58:04.629790000,1
283,1187.7,2.56,1187.5,1187.2,1187.19,1186.88,1186.8,1188.02,1188.3,1188.32,1188.61,1188.81,1.2,3,1.2,1.2,1.88717,5.33146,0.8,1.04146,1.04146,0.01429121,2017-04-07D00:58:25.067100000,2017-04-07D00:58:25.493868000,2
284,1187.7,2.56,1187.5,1187.2,1187.19,1186.88,1186.8,1188.02,1188.3,1188.32,1188.61,1188.91,1.2,3,1.2,1.2,1.88717,5.33146,0.8,1.04146,1.04146,1.04146,2017-04-07D00:59:03.208716000,2017-04-07D00:58:25.493868000,1
285,1187.7,2.56,1187.5,1187.2,1187.19,1186.88,1186.8,1188.01,1188.02,1188.3,1188.32,1188.61,1.2,3,1.2,1.2,1.88717,0.01429121,5.79146,0.8,1.04146,1.04146,2017-04-07D00:59:15.352451000,2017-04-07D00:58:25.493868000,1
286,1187.7,2.56,1187.76,1187.44,1187.2,1186.88,1186.8,1188.01,1188.02,1188.3,1188.32,1188.61,1.2,1.2,3,1.2,1.88717,0.01429121,5.79146,0.8,1.04146,1.04146,2017-04-07D00:59:36.300895000,2017-04-07D00:58:25.493868000,1
287,1187.7,2.56,1187.76,1187.44,1187.2,1187.02,1186.8,1188.01,1188.02,1188.3,1188.32,1188.61,1.2,1.2,3,1.2,1.88717,0.01429121,5.79146,0.8,1.04146,1.04146,2017-04-07D00:59:49.683493000,2017-04-07D00:58:25.493868000,1
288,1187.7,2.56,1187.76,1187.44,1187.2,1187.02,1186.8,1188.01,1188.02,1188.3,1188.32,1188.61,1.2,1.2,3,1.2,1.88717,0.01429121,4.75,0.8,1.04146,1.04146,2017-04-07D01:00:01.076824000,2017-04-07D00:58:25.493868000,1
289,1187.7,2.56,1187.76,1187.44,1187.2,1187.02,1186.8,1188.01,1188.02,1188.3,1188.61,1188.91,1.2,1.2,3,1.2,1.88717,0.01429121,4.75,0.8,1.04146,1.04146,2017-04-07D01:00:04.021786000,2017-04-07D00:58:25.493868000,1
291,1187.7,2.56,1187.76,1187.44,1187.2,1187.02,1186.8,1188.02,1188.3,1189.01,1189.2,1189.3,1.2,1.2,3,1.2,1.88717,4.75,0.8,1.04058,1.04146,2.87858,2017-04-07D01:00:13.492588000,2017-04-07D00:58:25.493868000,1
292,1187.7,2.56,1187.76,1187.44,1187.2,1187.02,1186.8,1188.02,1188.3,1189.01,1189.3,1189.6,1.2,1.2,3,1.2,1.88717,4.75,0.8,1.04058,2.87858,1.04058,2017-04-07D01:00:23.067707000,2017-04-07D00:58:25.493868000,1
293,1187.7,2.56,1187.76,1187.44,1187.2,1187.02,1186.8,1188.01,1188.02,1188.3,1189.01,1189.3,1.2,1.2,3,1.2,1.88717,0.01429121,4.75,0.8,1.04058,2.87858,2017-04-07D01:00:25.915171000,2017-04-07D00:58:25.493868000,1
294,1187.7,2.56,1187.4,1187.2,1187.08,1187.02,1186.8,1188.01,1188.3,1189.01,1189.3,1189.6,1.2,3,1.2,1.2,1.88717,0.01429121,0.8,1.04058,2.87858,1.04058,2017-04-07D01:00:54.975259000,2017-04-07D00:58:25.493868000,1
295,1187.7,2.56,1187.4,1187.2,1187.08,1187.02,1186.8,1188.01,1188.3,1189.01,1189.3,1189.6,1.2,3,1.2,1.2,1.88717,4.084291,0.8,1.04058,2.87858,1.04058,2017-04-07D01:01:00.558101000,2017-04-07D00:58:25.493868000,1
296,1187.7,2.56,1187.4,1187.2,1187.08,1186.8,1186.65,1188.01,1188.3,1189.01,1189.3,1189.6,1.2,3,1.2,1.88717,1.2,4.084291,0.8,1.04058,2.87858,1.04058,2017-04-07D01:01:03.648675000,2017-04-07D00:58:25.493868000,1
297,1187.7,2.56,1187.4,1187.2,1187.08,1186.8,1186.65,1188.01,1188.3,1189.01,1189.3,1189.6,1.2,3,1.2,1.88717,1.2,4.07,0.8,1.04058,2.87858,1.04058,2017-04-07D01:01:26.409837000,2017-04-07D00:58:25.493868000,1
298,1187.7,2.56,1187.2,1187.04,1186.8,1186.73,1186.65,1188,1188.01,1188.3,1189.01,1189.3,3,1.2,1.88717,1.2,1.2,0.01429121,4.07,0.8,1.04058,2.87858,2017-04-07D01:01:39.577238000,2017-04-07D00:58:25.493868000,1
299,1187.7,2.56,1187.2,1187.04,1186.8,1186.73,1186.41,1188,1188.01,1188.3,1189.01,1189.3,3,1.2,1.88717,1.2,1.2,0.01429121,4.07,0.8,1.04058,2.87858,2017-04-07D01:01:45.267738000,2017-04-07D00:58:25.493868000,1
300,1187.2,1.6,1187.2,1187.04,1186.8,1186.73,1186.41,1188,1188.01,1188.3,1189.01,1189.3,3,1.2,1.88717,1.2,1.2,0.01429121,4.07,0.8,1.04058,2.87858,2017-04-07D01:01:45.267738000,2017-04-07D01:02:19.652793000,2
301,1187.2,1.6,1187.2,1187.04,1186.8,1186.73,1186.41,1188,1188.01,1188.3,1189.01,1189.3,2.2,1.2,1.88717,1.2,1.2,0.01429121,4.07,0.8,1.04058,2.87858,2017-04-07D01:02:21.691991000,2017-04-07D01:02:19.652793000,1
302,1187.2,1.6,1187.2,1187.04,1186.8,1186.73,1186.41,1188,1188.3,1189.01,1189.3,1189.6,2.2,1.2,1.88717,1.2,1.2,4.394291,0.8,1.04058,2.87858,1.04058,2017-04-07D01:02:34.078310000,2017-04-07D01:02:19.652793000,1
303,1187.2,1.6,1187.2,1187.04,1186.8,1186.73,1186.41,1188,1188.3,1189.01,1189.3,1189.6,2.2,1.2,1.88717,1.2,1.2,4.38,0.8,1.04058,2.87858,1.04058,2017-04-07D01:02:36.460212000,2017-04-07D01:02:19.652793000,1
304,1187.2,1.6,1187.2,1187.04,1186.8,1186.73,1186.41,1187.99,1188,1188.3,1189.01,1189.3,2.2,1.2,1.88717,1.2,1.2,0.01429121,4.38,0.8,1.04058,2.87858,2017-04-07D01:02:50.339285000,2017-04-07D01:02:19.652793000,1
305,1187.2,1.6,1187.2,1187.04,1186.8,1186.73,1186.41,1188,1188.3,1189.01,1189.3,1189.6,2.2,1.2,1.88717,1.2,1.2,4.38,0.8,1.04058,2.87858,1.04058,2017-04-07D01:03:50.953398000,2017-04-07D01:02:19.652793000,1
306,1187.2,1.6,1187.2,1187.04,1186.8,1186.73,1186.41,1187.99,1188,1188.3,1189.01,1189.3,2.2,1.2,1.88717,1.2,1.2,0.01429121,4.38,0.8,1.04058,2.87858,2017-04-07D01:04:07.205005000,2017-04-07D01:02:19.652793000,1
307,1187.2,1.6,1187.2,1187.04,1186.8,1186.73,1186.41,1187.99,1188.3,1189.01,1189.3,1189.6,2.2,1.2,1.88717,1.2,1.2,0.01429121,0.8,1.04058,2.87858,1.04058,2017-04-07D01:04:48.239051000,2017-04-07D01:02:19.652793000,1
308,1187.2,1.6,1187.2,1187.04,1186.8,1186.73,1186.41,1187.99,1188.3,1189.01,1189.3,1189.6,2.2,1.2,1.88717,1.2,1.2,4.094291,0.8,1.04058,2.87858,1.04058,2017-04-07D01:04:48.610914000,2017-04-07D01:02:19.652793000,1
309,1187.2,1.6,1187.2,1187.04,1186.8,1186.73,1186.41,1187.99,1188.3,1189.01,1189.3,1189.6,2.2,1.2,1.88717,1.2,1.2,0.01429121,0.8,1.04058,2.87858,1.04058,2017-04-07D01:05:01.160771000,2017-04-07D01:02:19.652793000,1
310,1187.2,1.6,1187.2,1187.04,1186.8,1186.73,1186.41,1187.99,1188.3,1189.01,1189.3,1189.6,2.2,1.2,1.88717,1.2,1.2,4.87,0.8,1.04058,2.87858,1.04058,2017-04-07D01:05:11.474203000,2017-04-07D01:02:19.652793000,1
311,1187.2,1.6,1187.2,1187.04,1186.8,1186.73,1186.41,1187.98,1187.99,1188.3,1189.01,1189.3,2.2,1.2,1.88717,1.2,1.2,0.01429121,4.87,0.8,1.04058,2.87858,2017-04-07D01:05:16.198094000,2017-04-07D01:02:19.652793000,1
312,1187.2,1.6,1187.21,1187.2,1187.04,1186.8,1186.73,1187.98,1187.99,1188.3,1189.01,1189.3,2,2.2,1.2,1.88717,1.2,0.01429121,4.87,0.8,1.04058,2.87858,2017-04-07D01:05:28.138021000,2017-04-07D01:02:19.652793000,1
313,1187.2,1.6,1187.21,1187.2,1187.04,1186.86,1186.8,1187.98,1187.99,1188.3,1189.3,1189.6,2,2.2,1.2,1.03886,1.88717,0.01429121,4.87,0.8,1.838,1.04058,2017-04-07D01:05:31.242336000,2017-04-07D01:02:19.652793000,1
314,1187.2,1.6,1187.2,1187.04,1186.86,1186.8,1186.73,1187.98,1188.3,1189.3,1190.3,1190.6,2.2,1.2,1.03886,1.88717,1.2,4.654291,0.8,1.838,2.58,1.04048,2017-04-07D01:05:47.648303000,2017-04-07D01:02:19.652793000,1
315,1187.2,1.6,1187.2,1187.04,1186.86,1186.8,1186.73,1187.98,1188.3,1189.3,1190.3,1190.95,2.2,1.2,1.03886,1.88717,1.2,4.654291,0.8,1.838,2.58,1.03886,2017-04-07D01:05:51.694471000,2017-04-07D01:02:19.652793000,1
316,1187.2,1.6,1187.21,1187.2,1187.04,1186.86,1186.8,1187.98,1188.3,1189.3,1190.3,1190.95,2,2.2,1.2,1.03886,1.88717,4.654291,0.8,1.838,2.58,1.03886,2017-04-07D01:05:54.379073000,2017-04-07D01:02:19.652793000,1
317,1187.2,1.6,1187.76,1187.46,1187.21,1187.2,1187.04,1187.98,1188.3,1189.3,1190.3,1190.98,1.03805,1.03805,2,2.2,1.2,4.64,0.8,1.838,2.58,32.78,2017-04-07D01:06:18.675552000,2017-04-07D01:02:19.652793000,1
318,1187.2,1.6,1187.76,1187.46,1187.43,1187.2,1187.13,1187.98,1188.3,1189.3,1190.3,1190.98,1.03805,1.03805,1.03782,2.2,1.03782,4.64,0.8,1.838,2.58,32.78,2017-04-07D01:06:25.687439000,2017-04-07D01:02:19.652793000,1
319,1187.2,1.6,1187.76,1187.46,1187.43,1187.2,1187.13,1187.98,1188.3,1189.3,1190.3,1190.98,1.03805,1.03805,1.03782,2.2,1.03782,2.654291,0.8,1.838,2.58,32.78,2017-04-07D01:06:26.913233000,2017-04-07D01:02:19.652793000,1
320,1187.98,3.971418,1187.76,1187.46,1187.43,1187.2,1187.13,1187.98,1188.3,1189.3,1190.3,1190.98,1.03805,1.03805,1.03782,2.2,1.03782,2.654291,0.8,1.838,2.58,32.78,2017-04-07D01:06:26.913233000,2017-04-07D01:06:27.932660000,2
321,1187.98,3.971418,1187.76,1187.46,1187.43,1187.2,1187.19,1187.98,1188.3,1189.3,1190.3,1190.98,1.03805,1.03805,1.03782,2.2,1.0375,2.654291,0.8,1.838,2.58,32.78,2017-04-07D01:06:30.293762000,2017-04-07D01:06:27.932660000,1
322,1187.98,3.971418,1187.97,1187.46,1187.43,1187.2,1187.19,1187.98,1188.3,1189.3,1190.3,1190.98,1.03703,1.03805,1.03782,2.2,1.0375,2.654291,0.8,1.838,2.58,32.78,2017-04-07D01:06:36.543888000,2017-04-07D01:06:27.932660000,1
323,1187.98,3.971418,1187.97,1187.43,1187.2,1187.19,1187.13,1187.98,1188.3,1189.3,1190.3,1190.98,2.07406,1.03782,2.2,1.0375,1.03782,2.654291,0.8,1.838,2.58,32.78,2017-04-07D01:06:39.817632000,2017-04-07D01:06:27.932660000,1
324,1187.98,2,1187.97,1187.43,1187.2,1187.19,1187.13,1187.98,1188.3,1189.3,1190.3,1190.98,2.07406,1.03782,2.2,1.0375,1.03782,2.654291,0.8,1.838,2.58,32.78,2017-04-07D01:06:39.817632000,2017-04-07D01:06:49.789931000,2
325,1187.98,2,1187.97,1187.43,1187.2,1187.19,1187.13,1187.98,1188.3,1189.3,1190.3,1190.98,2.07406,1.03782,2.2,1.0375,1.03782,1.654291,0.8,1.838,2.58,32.78,2017-04-07D01:06:52.031771000,2017-04-07D01:06:49.789931000,1
326,1187.98,2,1187.97,1187.43,1187.2,1187.19,1187.13,1187.98,1188.3,1189.3,1190.3,1190.98,2.07406,1.03782,2.2,1.0375,1.03782,1.654291,0.8,1.838,2.58,32.78,2017-04-07D01:06:52.031771000,2017-04-07D01:06:53.356735000,2
327,1187.98,2,1187.97,1187.72,1187.2,1187.13,1187.04,1187.98,1188.3,1189.3,1190.3,1190.98,3.11109,1.03703,2.2,1.03782,1.2,0.6542912,0.8,1.838,2.58,32.78,2017-04-07D01:06:59.613256000,2017-04-07D01:06:53.356735000,1
328,1187.98,2,1187.97,1187.72,1187.2,1187.04,1186.89,1187.98,1188.3,1189.3,1190.3,1190.98,4.14812,1.03703,2.2,1.2,1.0375,0.6542912,0.8,1.838,2.58,32.78,2017-04-07D01:07:04.391527000,2017-04-07D01:06:53.356735000,1
329,1187.98,2,1187.97,1187.72,1187.2,1187.04,1186.94,1187.98,1188.3,1189.3,1190.3,1190.98,4.14812,1.03703,2.2,1.2,1.03746,0.6542912,0.8,1.838,2.58,32.78,2017-04-07D01:07:13.746796000,2017-04-07D01:06:53.356735000,1
330,1187.98,2,1187.97,1187.72,1187.2,1186.94,1186.8,1187.98,1188.3,1189.3,1190.3,1190.98,4.14812,1.03703,2.2,1.03746,1.88717,0.6542912,0.8,1.838,2.58,32.78,2017-04-07D01:07:26.464794000,2017-04-07D01:06:53.356735000,1
331,1187.98,2,1187.97,1187.72,1187.2,1186.94,1186.8,1187.98,1188.3,1189.3,1190.3,1190.98,4.14812,1.03703,2.2,1.03746,1.88717,4,0.8,1.838,2.58,32.78,2017-04-07D01:07:31.016582000,2017-04-07D01:06:53.356735000,1
332,1187.98,2,1187.97,1187.72,1187.2,1187.01,1186.94,1187.98,1188.3,1189.3,1190.3,1190.98,4.14812,1.03703,2.2,1.2,1.03746,4,0.8,1.838,2.58,32.78,2017-04-07D01:07:35.500047000,2017-04-07D01:06:53.356735000,1
333,1187.98,2,1187.97,1187.72,1187.58,1187.28,1187.2,1187.98,1188.3,1189.3,1190.3,1190.98,2.07406,1.03703,1.03768,1.03768,2.2,4,0.8,1.838,2.58,32.78,2017-04-07D01:08:45.346852000,2017-04-07D01:06:53.356735000,1
334,1187.98,2,1187.89,1187.72,1187.59,1187.58,1187.28,1187.98,1188.3,1189.3,1190.3,1190.98,1.03794,1.03703,1.03794,1.03768,1.03768,4,0.8,1.838,2.58,32.78,2017-04-07D01:08:50.267051000,2017-04-07D01:06:53.356735000,1
335,1187.98,2,1187.89,1187.59,1187.58,1187.28,1187.2,1187.98,1188.3,1189.3,1190.3,1190.98,1.03794,1.03794,1.03768,1.03768,2.2,4,0.8,1.838,2.58,32.78,2017-04-07D01:08:51.628173000,2017-04-07D01:06:53.356735000,1
336,1187.98,2,1187.89,1187.59,1187.58,1187.34,1187.28,1187.98,1188.3,1189.3,1190.3,1190.98,1.03794,1.03794,1.03768,1.2,1.03768,4,0.8,1.838,2.58,32.78,2017-04-07D01:09:44.616254000,2017-04-07D01:06:53.356735000,1
337,1187.98,2,1187.89,1187.59,1187.58,1187.34,1187.28,1188.3,1189.3,1190.3,1190.98,1191.3,1.03794,1.03794,1.03768,1.2,1.03768,0.8,1.838,2.58,32.78,1.4,2017-04-07D01:10:21.997860000,2017-04-07D01:06:53.356735000,1
338,1187.98,2,1187.89,1187.59,1187.58,1187.34,1187.28,1187.98,1188.3,1189.3,1190.3,1190.98,1.03794,1.03794,1.03768,1.2,1.03768,4.76,0.8,1.838,2.58,32.78,2017-04-07D01:10:25.719722000,2017-04-07D01:06:53.356735000,1
339,1187.98,2,1187.89,1187.59,1187.58,1187.34,1187.28,1188.3,1189.3,1190.3,1190.98,1191.3,1.03794,1.03794,1.03768,1.2,1.03768,0.8,1.838,2.58,32.78,1.4,2017-04-07D01:12:29.538984000,2017-04-07D01:06:53.356735000,1
340,1187.98,2,1187.89,1187.59,1187.58,1187.34,1187.28,1188.09,1188.3,1189.3,1190.3,1190.98,1.03794,1.03794,1.03768,1.2,1.03768,4.03,0.8,1.838,2.58,32.78,2017-04-07D01:12:35.039916000,2017-04-07D01:06:53.356735000,1
341,1187.98,2,1187.89,1187.59,1187.58,1187.34,1187.28,1188.09,1188.3,1189.3,1190.3,1190.98,1.03794,1.03794,1.03768,1.2,1.03768,4.55,0.8,1.838,2.58,32.78,2017-04-07D01:12:49.046375000,2017-04-07D01:06:53.356735000,1
342,1187.98,2,1187.89,1187.59,1187.58,1187.34,1187.28,1188.3,1189.3,1190.3,1190.98,1191.3,1.03794,1.03794,1.03768,1.2,1.03768,0.8,1.838,2.58,32.78,1.4,2017-04-07D01:12:54.415732000,2017-04-07D01:06:53.356735000,1
343,1187.98,2,1187.89,1187.59,1187.58,1187.34,1187.28,1188.09,1188.3,1189.3,1190.3,1190.98,1.03794,1.03794,1.03768,1.2,1.03768,4.44,0.8,1.838,2.58,32.78,2017-04-07D01:13:08.866564000,2017-04-07D01:06:53.356735000,1
344,1187.98,2,1187.89,1187.59,1187.58,1187.34,1187.28,1188.3,1189.3,1190.3,1190.98,1191.3,1.03794,1.03794,1.03768,1.2,1.03768,0.8,1.838,2.58,32.78,1.4,2017-04-07D01:13:09.934068000,2017-04-07D01:06:53.356735000,1
345,1187.98,2,1187.89,1187.59,1187.58,1187.34,1187.28,1188.09,1188.3,1189.3,1190.3,1190.98,1.03794,1.03794,1.03768,1.2,1.03768,4.36,0.8,1.838,2.58,32.78,2017-04-07D01:13:15.009087000,2017-04-07D01:06:53.356735000,1
346,1187.98,2,1187.89,1187.59,1187.58,1187.34,1187.28,1188.3,1189.09,1189.3,1190.3,1190.98,1.03794,1.03794,1.03768,1.2,1.03768,0.8,4.14,1.838,2.58,32.78,2017-04-07D01:13:22.963417000,2017-04-07D01:06:53.356735000,1
347,1187.98,2,1187.89,1187.59,1187.58,1187.34,1187.28,1188.3,1189.3,1190.3,1190.98,1191.3,1.03794,1.03794,1.03768,1.2,1.03768,0.8,1.838,2.58,32.78,1.4,2017-04-07D01:13:24.684426000,2017-04-07D01:06:53.356735000,1
348,1187.98,2,1187.89,1187.59,1187.58,1187.34,1187.28,1188.3,1188.49,1189.3,1190.3,1190.98,1.03794,1.03794,1.03768,1.2,1.03768,0.8,4.62,1.838,2.58,32.78,2017-04-07D01:13:29.224521000,2017-04-07D01:06:53.356735000,1
349,1187.98,2,1187.89,1187.59,1187.58,1187.28,1187.2,1188.3,1188.49,1189.3,1190.3,1190.98,1.03794,1.03794,1.03768,1.03768,2.2,0.8,4.62,1.838,2.58,32.78,2017-04-07D01:13:32.399511000,2017-04-07D01:06:53.356735000,1
350,1187.98,2,1187.89,1187.82,1187.59,1187.58,1187.51,1188.3,1188.49,1189.3,1190.3,1190.98,1.03794,1.2,1.03794,1.03768,1.2,0.8,4.62,1.838,2.58,32.78,2017-04-07D01:13:34.765853000,2017-04-07D01:06:53.356735000,1
351,1187.98,2,1187.89,1187.82,1187.59,1187.58,1187.51,1188.3,1189.3,1190.3,1190.98,1191.3,1.03794,1.2,1.03794,1.03768,1.2,0.8,1.838,2.58,32.78,1.4,2017-04-07D01:13:36.096463000,2017-04-07D01:06:53.356735000,1
352,1187.98,2,1187.89,1187.82,1187.59,1187.58,1187.51,1188.3,1189.3,1189.49,1190.3,1190.98,1.03794,1.2,1.03794,1.03768,1.2,0.8,1.838,4.62,2.58,32.78,2017-04-07D01:13:41.811658000,2017-04-07D01:06:53.356735000,1
353,1187.98,2,1187.89,1187.82,1187.59,1187.58,1187.51,1188.3,1189.3,1190.3,1190.98,1191.3,1.03794,1.2,1.03794,1.03768,1.2,0.8,1.838,2.58,32.78,1.4,2017-04-07D01:13:44.524562000,2017-04-07D01:06:53.356735000,1
354,1187.98,2,1188.25,1187.94,1187.89,1187.59,1187.58,1188.3,1189.3,1190.3,1190.98,1191.3,1.2,1.2,1.03794,1.03794,1.03768,5.25,1.838,2.58,32.78,1.4,2017-04-07D01:13:49.004834000,2017-04-07D01:06:53.356735000,1
355,1187.98,2,1187.94,1187.89,1187.59,1187.58,1187.28,1188.3,1189.3,1190.3,1190.98,1191.3,1.2,1.03794,1.03794,1.03768,1.03768,5.25,1.838,2.58,32.78,1.4,2017-04-07D01:14:04.185604000,2017-04-07D01:06:53.356735000,1
356,1187.98,2,1188.29,1187.89,1187.59,1187.58,1187.28,1188.3,1189.3,1190.3,1190.98,1191.3,2.4,1.03794,1.03794,1.03768,1.03768,5.25,1.838,2.58,32.78,1.4,2017-04-07D01:14:06.433609000,2017-04-07D01:06:53.356735000,1
357,1187.98,2,1188.29,1187.89,1187.59,1187.58,1187.28,1188.3,1188.69,1189.3,1190.3,1190.98,2.4,1.03794,1.03794,1.03768,1.03768,0.8,4.88,1.838,2.58,32.78,2017-04-07D01:14:11.246085000,2017-04-07D01:06:53.356735000,1
358,1188.3,0.02,1188.29,1187.89,1187.59,1187.58,1187.28,1188.3,1188.69,1189.3,1190.3,1190.98,2.4,1.03794,1.03794,1.03768,1.03768,0.8,4.88,1.838,2.58,32.78,2017-04-07D01:14:11.246085000,2017-04-07D01:14:15.373939000,2
359,1188.3,0.02,1188.29,1188.15,1187.89,1187.59,1187.58,1188.3,1188.69,1189.3,1190.3,1190.98,2.4,1.2,1.03794,1.03794,1.03768,0.78,4.88,1.838,2.58,32.78,2017-04-07D01:14:16.616363000,2017-04-07D01:14:15.373939000,1
360,1188.69,6.44,1188.29,1188.15,1187.89,1187.59,1187.58,1188.3,1188.69,1189.3,1190.3,1190.98,2.4,1.2,1.03794,1.03794,1.03768,0.78,4.88,1.838,2.58,32.78,2017-04-07D01:14:16.616363000,2017-04-07D01:14:25.748753000,2
361,1188.69,6.44,1188.29,1187.89,1187.7,1187.59,1187.58,1188.69,1189.3,1190.3,1190.98,1191.3,3.6,1.03794,0.78,1.03794,1.03768,1.66,1.838,2.58,32.78,1.4,2017-04-07D01:14:27.722190000,2017-04-07D01:14:25.748753000,1
362,1188.69,6.44,1188.68,1188.29,1187.7,1187.58,1187.38,1188.69,1189.3,1190.3,1190.98,1191.3,3.6,1.2,0.78,1.03768,1.0384,1.66,1.838,2.58,32.78,1.4,2017-04-07D01:14:51.504536000,2017-04-07D01:14:25.748753000,1
363,1188.69,6.44,1188.68,1187.7,1187.58,1187.38,1187.28,1189.3,1190.3,1190.98,1191.3,1191.48,4.8,1.12,1.03768,1.0384,1.03768,1.498,2.58,32.78,1.4,1.0384,2017-04-07D01:14:55.678871000,2017-04-07D01:14:25.748753000,1
364,1188.69,6.44,1188.68,1187.7,1187.38,1187.2,1187.09,1189.3,1190.3,1190.98,1191.3,1191.48,4.8,1.12,1.0384,2.2,1.0384,1.498,2.58,32.78,1.4,1.0384,2017-04-07D01:14:56.698286000,2017-04-07D01:14:25.748753000,1
365,1189.3,0.68,1188.68,1187.7,1187.38,1187.2,1187.09,1189.3,1190.3,1190.98,1191.3,1191.48,4.8,1.12,1.0384,2.2,1.0384,1.498,2.58,32.78,1.4,1.0384,2017-04-07D01:14:56.698286000,2017-04-07D01:14:57.683181000,2
366,1189.3,0.68,1188.7,1188.68,1187.7,1187.38,1187.2,1189.3,1190.3,1190.98,1191.3,1191.48,1,4.8,1.12,1.0384,2.2,4.728,2.58,32.78,1.4,1.0384,2017-04-07D01:15:01.893982000,2017-04-07D01:14:57.683181000,1
367,1189.3,1.004,1188.7,1188.68,1187.7,1187.38,1187.2,1189.3,1190.3,1190.98,1191.3,1191.48,1,4.8,1.12,1.0384,2.2,4.728,2.58,32.78,1.4,1.0384,2017-04-07D01:15:01.893982000,2017-04-07D01:15:03.544104000,2
368,1189.3,2,1188.7,1188.68,1187.7,1187.38,1187.2,1189.3,1190.3,1190.98,1191.3,1191.48,1,4.8,1.12,1.0384,2.2,4.728,2.58,32.78,1.4,1.0384,2017-04-07D01:15:01.893982000,2017-04-07D01:15:04.729570000,2
369,1189.3,2,1188.7,1188.68,1187.7,1187.38,1187.2,1189.3,1190.3,1191.3,1191.48,1191.78,1.498,4.8,1.12,1.0384,2.2,2.728,2.58,1.4,1.0384,1.0384,2017-04-07D01:15:06.719874000,2017-04-07D01:15:04.729570000,1
370,1189.3,2,1188.7,1188.68,1187.7,1187.38,1187.2,1189.3,1190.3,1191.3,1191.48,1191.78,1.498,4.8,1.12,1.0384,2.2,0.728,2.58,1.4,1.0384,1.0384,2017-04-07D01:15:11.049241000,2017-04-07D01:15:04.729570000,1
371,1189.3,2,1188.7,1188.68,1187.7,1187.38,1187.2,1189.3,1190.3,1191.3,1191.48,1191.78,1.498,4.8,1.12,1.0384,2.2,0.728,2.58,1.4,1.0384,1.0384,2017-04-07D01:15:11.049241000,2017-04-07D01:15:13.243729000,2
372,1189.3,2,1189.29,1188.7,1188.68,1187.7,1187.38,1189.3,1190.3,1191.3,1191.48,1191.78,2.4,1.498,2.4,1.12,1.0384,0.728,2.58,1.4,1.0384,1.0384,2017-04-07D01:15:17.920498000,2017-04-07D01:15:13.243729000,1
373,1189.3,2,1189.07,1188.76,1188.7,1188.68,1187.7,1189.3,1190.3,1191.3,1191.48,1191.78,1.2,1.2,1.498,2.4,1.12,0.728,2.58,1.4,1.0384,1.0384,2017-04-07D01:15:29.990832000,2017-04-07D01:15:13.243729000,1
374,1189.3,2,1189.09,1189.07,1188.76,1188.7,1187.7,1189.3,1190.3,1191.3,1191.48,1191.78,1.2,1.2,1.2,1.498,1.12,0.728,2.58,1.4,1.0384,1.0384,2017-04-07D01:15:54.544770000,2017-04-07D01:15:13.243729000,1
375,1189.3,2,1189.29,1189.09,1189.07,1188.76,1188.7,1189.3,1190.3,1191.3,1191.48,1191.78,1.2,1.2,1.2,1.2,1.498,0.728,2.58,1.4,1.0384,1.0384,2017-04-07D01:16:01.203272000,2017-04-07D01:15:13.243729000,1
376,1189.3,2,1189.29,1189.05,1188.76,1188.74,1188.7,1189.3,1190.3,1191.3,1191.48,1191.78,1.2,1.2,1.2,1.2,1.498,0.728,2.58,1.4,1.0384,1.0384,2017-04-07D01:16:12.709387000,2017-04-07D01:15:13.243729000,1
377,1189.3,2,1189.29,1189.17,1188.8,1188.7,1188.55,1189.3,1190.3,1191.3,1191.48,1191.78,2.4,1.2,1.2,1.498,1.2,0.728,2.58,1.4,1.0384,1.0384,2017-04-07D01:16:36.100987000,2017-04-07D01:15:13.243729000,1
378,1189.3,2,1189.29,1189.17,1188.8,1188.7,1188.55,1190.3,1191.3,1191.48,1191.78,1192.07,2.4,1.2,1.2,1.498,1.2,2.58,1.4,1.0384,1.0384,1.0384,2017-04-07D01:16:46.021172000,2017-04-07D01:15:13.243729000,1
379,1189.3,2,1189.29,1189.17,1188.8,1188.7,1188.55,1190.3,1191.3,1191.48,1191.78,1192.07,2.4,1.2,1.2,1.498,1.2,7.31,1.4,1.0384,1.0384,1.0384,2017-04-07D01:16:50.492902000,2017-04-07D01:15:13.243729000,1
380,1189.3,2,1189.7,1189.29,1189.17,1188.8,1188.7,1190.3,1191.3,1191.48,1191.78,1192.07,2,2.4,1.2,1.2,1.498,5.31,1.4,1.0384,1.0384,1.0384,2017-04-07D01:16:55.239647000,2017-04-07D01:15:13.243729000,1
381,1190.3,2,1189.7,1189.29,1189.17,1188.8,1188.7,1190.3,1191.3,1191.48,1191.78,1192.07,2,2.4,1.2,1.2,1.498,5.31,1.4,1.0384,1.0384,1.0384,2017-04-07D01:16:55.239647000,2017-04-07D01:16:55.559556000,2
382,1190.3,2,1189.7,1189.29,1189.17,1188.8,1188.7,1190.3,1191.3,1191.48,1191.78,1192.07,2,2.4,1.2,1.2,2.078,4.31,1.4,1.0384,1.0384,1.0384,2017-04-07D01:17:02.047549000,2017-04-07D01:16:55.559556000,1
383,1190.3,2,1189.7,1189.29,1189.17,1188.8,1188.7,1190.3,1191.3,1191.48,1191.78,1192.07,2,2.4,1.2,1.2,2.078,4.31,1.4,1.0384,1.0384,1.0384,2017-04-07D01:17:02.047549000,2017-04-07D01:17:07.936625000,2
384,1190.3,2,1189.7,1189.29,1189.17,1188.8,1188.7,1190.3,1191.3,1191.48,1191.78,1192.07,2,2.4,1.2,1.2,2.078,4.31,1.4,1.0384,1.0384,1.0384,2017-04-07D01:17:02.047549000,2017-04-07D01:17:15.315887000,2
385,1190.3,2,1190.29,1190.11,1189.7,1188.7,1188.55,1191.3,1191.48,1191.78,1192.07,1192.3,3.6,1.2,2,2.078,1.2,0.71,1.0384,1.0384,1.0384,1.8,2017-04-07D01:17:16.761467000,2017-04-07D01:17:15.315887000,1
386,1191.3,1.38,1190.29,1190.11,1189.7,1188.7,1188.55,1191.3,1191.48,1191.78,1192.07,1192.3,3.6,1.2,2,2.078,1.2,0.71,1.0384,1.0384,1.0384,1.8,2017-04-07D01:17:16.761467000,2017-04-07D01:17:17.914143000,2
387,1191.3,1.38,1190.29,1190.11,1189.7,1188.7,1188.55,1190.3,1191.29,1191.3,1191.48,1191.78,3.6,1.2,2,2.078,1.2,4.28,2,0.71,1.0384,1.0384,2017-04-07D01:17:20.118916000,2017-04-07D01:17:17.914143000,1
388,1190.3,2,1190.29,1190.11,1189.7,1188.7,1188.55,1190.3,1191.29,1191.3,1191.48,1191.78,3.6,1.2,2,2.078,1.2,4.28,2,0.71,1.0384,1.0384,2017-04-07D01:17:20.118916000,2017-04-07D01:17:21.252981000,2
389,1190.3,2,1190.29,1190.11,1189.7,1188.7,1188.55,1190.3,1191.29,1191.3,1191.48,1191.78,3.6,1.2,2,2.078,1.2,3.28,2,0.71,1.0384,1.0384,2017-04-07D01:17:22.482533000,2017-04-07D01:17:21.252981000,1
390,1190.3,2,1190.29,1190.11,1189.7,1188.7,1188.55,1190.3,1191.29,1191.3,1191.48,1191.78,3.6,1.2,2,2.078,1.2,3.28,2,0.71,1.0384,1.0384,2017-04-07D01:17:22.482533000,2017-04-07D01:17:28.819597000,2
391,1190.3,2,1190.29,1190.11,1189.7,1188.7,1188.55,1190.3,1191.29,1191.3,1191.48,1191.78,3.6,1.2,2,2.078,1.2,3.28,2,0.71,1.0384,1.0384,2017-04-07D01:17:22.482533000,2017-04-07D01:17:31.391627000,2
392,1190.3,2,1190.29,1190.11,1189.7,1189.41,1189.1,1191.29,1191.3,1191.48,1191.78,1192.07,3.6,1.2,2,1.2,1.2,1.28,0.71,1.0384,1.0384,1.0384,2017-04-07D01:17:36.327009000,2017-04-07D01:17:31.391627000,1
393,1191.29,1.44,1190.29,1190.11,1189.7,1189.41,1189.1,1191.29,1191.3,1191.48,1191.78,1192.07,3.6,1.2,2,1.2,1.2,1.28,0.71,1.0384,1.0384,1.0384,2017-04-07D01:17:36.327009000,2017-04-07D01:17:40.121360000,2
394,1191.29,1.44,1190.29,1190.11,1189.7,1189.41,1189.1,1190.3,1191.29,1191.3,1191.48,1191.78,3.6,1.2,2,1.2,1.2,4,1,0.71,1.0384,1.0384,2017-04-07D01:17:41.211567000,2017-04-07D01:17:40.121360000,1
395,1191.29,1.44,1190.29,1190.11,1189.7,1189.41,1189.1,1190.3,1191.3,1191.48,1191.78,1192.07,3.6,1.2,2,1.2,1.2,4,0.71,1.0384,1.0384,1.0384,2017-04-07D01:17:46.727199000,2017-04-07D01:17:40.121360000,1
396,1191.29,2,1190.29,1190.11,1189.7,1189.41,1189.1,1190.3,1191.3,1191.48,1191.78,1192.07,3.6,1.2,2,1.2,1.2,4,0.71,1.0384,1.0384,1.0384,2017-04-07D01:17:46.727199000,2017-04-07D01:17:49.020639000,2
397,1190.3,2,1190.29,1190.11,1189.7,1189.41,1189.1,1190.3,1191.3,1191.48,1191.78,1192.07,3.6,1.2,2,1.2,1.2,4,0.71,1.0384,1.0384,1.0384,2017-04-07D01:17:46.727199000,2017-04-07D01:17:54.913479000,2
398,1190.3,2,1190.29,1190.11,1189.7,1189.41,1189.1,1190.3,1191.3,1191.48,1191.78,1192.07,3.6,1.2,2,1.2,1.2,2,0.71,1.0384,1.0384,1.0384,2017-04-07D01:17:56.504833000,2017-04-07D01:17:54.913479000,1
399,1190.3,2,1190.29,1190.11,1189.7,1189.41,1189.1,1190.3,1191.3,1191.48,1191.78,1192.07,3.6,1.2,2,1.2,1.2,1,0.71,1.0384,1.0384,1.0384,2017-04-07D01:17:58.088333000,2017-04-07D01:17:54.913479000,1
400,1190.3,2,1190.29,1190.11,1189.7,1189.41,1189.1,1190.3,1191.3,1191.48,1191.78,1192.07,3.6,1.2,2,1.2,1.2,1,0.71,1.0384,1.0384,1.0384,2017-04-07D01:17:58.088333000,2017-04-07D01:18:05.325168000,2
401,1190.3,2,1190.29,1190.11,1189.7,1189.41,1189.1,1191.3,1191.48,1191.78,1192.07,1192.3,3.6,1.2,2,1.2,1.2,0.71,1.0384,1.0384,1.0384,1.8,2017-04-07D01:18:07.535913000,2017-04-07D01:18:05.325168000,1
402,1190.3,2,1190.29,1190.11,1189.7,1189.41,1189.1,1191.3,1191.48,1191.78,1192.07,1192.3,3.6,1.2,2,1.2,1.2,0.71,1.0384,1.0384,1.0384,1.8,2017-04-07D01:18:07.535913000,2017-04-07D01:18:08.866059000,2
403,1191.48,0.58,1190.29,1190.11,1189.7,1189.41,1189.1,1191.3,1191.48,1191.78,1192.07,1192.3,3.6,1.2,2,1.2,1.2,0.71,1.0384,1.0384,1.0384,1.8,2017-04-07D01:18:07.535913000,2017-04-07D01:18:12.035097000,2
404,1191.48,0.58,1190.7,1190.29,1190.11,1189.7,1189.41,1191.3,1191.48,1191.78,1192.07,1192.3,0.71,3.6,1.2,2,1.2,4.18,0.7484,1.0384,1.0384,1.8,2017-04-07D01:18:12.327640000,2017-04-07D01:18:12.035097000,1
405,1190.7,1.42,1190.7,1190.29,1190.11,1189.7,1189.41,1191.3,1191.48,1191.78,1192.07,1192.3,0.71,3.6,1.2,2,1.2,4.18,0.7484,1.0384,1.0384,1.8,2017-04-07D01:18:12.327640000,2017-04-07D01:18:36.662925000,2
406,1190.7,1.42,1190.29,1190.11,1189.7,1189.41,1189.1,1191.3,1191.48,1191.78,1192.07,1192.3,0.31,1.2,2,1.2,1.2,4.89,0.7484,1.0384,1.0384,1.8,2017-04-07D01:18:36.938080000,2017-04-07D01:18:36.662925000,1
407,1190.29,1.402732,1190.29,1190.11,1189.7,1189.41,1189.1,1191.3,1191.48,1191.78,1192.07,1192.3,0.31,1.2,2,1.2,1.2,4.89,0.7484,1.0384,1.0384,1.8,2017-04-07D01:18:36.938080000,2017-04-07D01:18:39.744145000,2
408,1190.29,1.402732,1190.11,1189.7,1189.55,1189.41,1189.1,1191.3,1191.48,1191.78,1192.07,1192.3,1.2,2,1.2,1.2,1.2,4.89,0.7484,1.0384,1.0384,1.8,2017-04-07D01:18:49.293897000,2017-04-07D01:18:39.744145000,1
409,1190.29,1.402732,1189.72,1189.7,1189.55,1189.41,1189.1,1191.3,1191.48,1191.78,1192.07,1192.3,1.2,2,1.2,1.2,1.2,4.89,0.7484,1.0384,1.0384,1.8,2017-04-07D01:18:58.753533000,2017-04-07D01:18:39.744145000,1
410,1190.29,1.402732,1189.72,1189.7,1189.41,1189.1,1188.94,1191.3,1191.48,1191.78,1192.07,1192.3,1.2,2,1.2,2.4,1.2,4.89,0.7484,1.0384,1.0384,1.8,2017-04-07D01:19:16.133767000,2017-04-07D01:18:39.744145000,1
411,1190.29,1.402732,1189.72,1189.7,1189.41,1189.1,1188.78,1191.3,1191.48,1191.78,1192.07,1192.3,1.2,2,1.2,1.2,1.2,4.89,0.7484,1.0384,1.0384,1.8,2017-04-07D01:19:26.090120000,2017-04-07D01:18:39.744145000,1
412,1190.29,1.402732,1190.38,1190.07,1189.7,1189.1,1188.78,1191.3,1191.48,1191.78,1192.07,1192.3,1.2,1.2,2,1.2,1.2,4.89,0.7484,1.0384,1.0384,1.8,2017-04-07D01:19:51.709521000,2017-04-07D01:18:39.744145000,1
413,1190.29,1.402732,1189.7,1189.61,1189.1,1188.78,1188.7,1191.3,1191.48,1191.78,1192.07,1192.3,2,1.2,1.2,1.2,2.078,4.82,0.7484,1.0384,1.0384,1.8,2017-04-07D01:19:56.058327000,2017-04-07D01:18:39.744145000,1
414,1190.29,1.402732,1189.7,1189.61,1189.29,1189.1,1188.78,1191.3,1191.48,1191.78,1192.07,1192.3,2,1.2,1.2,1.2,1.2,4.82,0.7484,1.0384,1.0384,1.8,2017-04-07D01:20:00.372012000,2017-04-07D01:18:39.744145000,1
415,1190.29,1.402732,1189.7,1189.61,1189.29,1188.99,1188.7,1191.3,1191.48,1191.78,1192.07,1192.3,2,1.2,1.2,1.2,2.078,4.82,0.7484,1.0384,1.0384,1.8,2017-04-07D01:20:04.148112000,2017-04-07D01:18:39.744145000,1
416,1190.29,1.402732,1189.7,1189.61,1189.29,1188.99,1188.7,1191.3,1191.48,1191.78,1192.07,1192.3,2,1.2,1.2,1.2,2.078,5.66,0.7484,1.0384,1.0384,1.8,2017-04-07D01:20:23.834771000,2017-04-07D01:18:39.744145000,1
417,1190.29,1.402732,1189.7,1189.24,1188.99,1188.93,1188.7,1191.3,1191.48,1191.78,1192.07,1192.3,2,1.2,1.2,1.2,2.078,5.66,0.7484,1.0384,1.0384,1.8,2017-04-07D01:20:39.184889000,2017-04-07D01:18:39.744145000,1
418,1190.29,1.402732,1189.7,1189.24,1188.93,1188.7,1188.61,1191.3,1191.48,1191.78,1192.07,1192.3,2,1.2,1.2,2.078,1.2,5.66,0.7484,1.0384,1.0384,1.8,2017-04-07D01:20:55.774961000,2017-04-07D01:18:39.744145000,1
419,1190.29,1.402732,1190.25,1189.7,1188.93,1188.7,1188.61,1191.3,1191.48,1191.78,1192.07,1192.3,1.2,2,1.2,2.078,1.2,5.66,0.7484,1.0384,1.0384,1.8,2017-04-07D01:21:24.739080000,2017-04-07D01:18:39.744145000,1
420,1190.29,1.402732,1190.25,1189.94,1189.7,1188.7,1188.61,1191.3,1191.48,1191.78,1192.07,1192.3,1.2,1.2,2,2.078,1.2,0.71,0.7484,1.0384,1.0384,1.8,2017-04-07D01:21:25.906666000,2017-04-07D01:18:39.744145000,1
421,1190.29,1.402732,1190.25,1189.94,1189.7,1188.7,1188.61,1191.3,1191.48,1191.78,1192.07,1192.3,1.2,1.2,2,2.078,1.2,5.58,0.7484,1.0384,1.0384,1.8,2017-04-07D01:21:30.970048000,2017-04-07D01:18:39.744145000,1
422,1190.29,1.402732,1190.25,1189.94,1189.7,1189.62,1189.31,1191.3,1191.48,1191.78,1192.07,1192.3,1.2,1.2,2,1.2,1.2,0.71,0.7484,1.0384,1.0384,1.8,2017-04-07D01:21:38.302248000,2017-04-07D01:18:39.744145000,1
423,1190.29,1.402732,1190.25,1189.94,1189.7,1189.62,1189.31,1191.3,1191.48,1191.78,1192.07,1192.3,1.2,1.2,2,1.2,1.2,4.95,0.7484,1.0384,1.0384,1.8,2017-04-07D01:21:39.821690000,2017-04-07D01:18:39.744145000,1
424,1190.29,1.402732,1190.7,1190.25,1189.94,1189.7,1189.62,1191.48,1191.78,1192.07,1192.3,1192.37,0.71,1.2,1.2,2,1.2,0.6984,1.0384,1.0384,1.8,1.0384,2017-04-07D01:21:54.079089000,2017-04-07D01:18:39.744145000,1
425,1191.48,0.1,1190.7,1190.25,1189.94,1189.7,1189.62,1191.48,1191.78,1192.07,1192.3,1192.37,0.71,1.2,1.2,2,1.2,0.6984,1.0384,1.0384,1.8,1.0384,2017-04-07D01:21:54.079089000,2017-04-07D01:21:57.904765000,2
426,1191.48,0.1,1190.7,1190.25,1189.94,1189.7,1189.62,1191.48,1191.78,1192.07,1192.3,1192.37,0.71,1.2,1.2,2,1.2,4.8584,1.0384,1.0384,1.8,1.0384,2017-04-07D01:22:10.333466000,2017-04-07D01:21:57.904765000,1
427,1191.48,0.1,1190.7,1190.25,1189.94,1189.7,1189.62,1191.48,1191.78,1192.07,1192.3,1192.37,0.71,1.2,1.2,2,1.2,5.5484,1.0384,1.0384,1.8,1.0384,2017-04-07D01:22:23.281452000,2017-04-07D01:21:57.904765000,1
428,1191.48,0.1,1190.7,1190.25,1189.94,1189.7,1189.62,1191.48,1191.78,1192.07,1192.3,1192.37,0.71,1.2,1.2,2,1.2,5.6684,1.0384,1.0384,1.8,1.0384,2017-04-07D01:22:28.403954000,2017-04-07D01:21:57.904765000,1
429,1191.48,0.1,1190.7,1190.25,1189.94,1189.7,1189.62,1191.48,1191.78,1192.07,1192.3,1192.37,0.71,1.2,1.2,2,1.2,0.6984,1.0384,1.0384,1.8,1.0384,2017-04-07D01:22:36.583222000,2017-04-07D01:21:57.904765000,1
430,1191.48,0.1,1190.7,1190.66,1190.35,1189.7,1189.62,1191.48,1191.78,1192.07,1192.3,1192.37,0.71,1.2,1.2,2,1.2,5.6484,1.0384,1.0384,1.8,1.0384,2017-04-07D01:22:43.201423000,2017-04-07D01:21:57.904765000,1
431,1191.48,0.1,1190.7,1190.66,1190.35,1189.7,1189.31,1191.48,1191.78,1192.07,1192.3,1192.37,0.71,1.2,1.2,2,1.2,5.6484,1.0384,1.0384,1.8,1.0384,2017-04-07D01:22:50.692031000,2017-04-07D01:21:57.904765000,1
432,1191.48,0.1,1190.7,1190.66,1190.35,1189.87,1189.7,1191.48,1191.78,1192.07,1192.3,1192.37,0.71,1.2,1.2,1.2,2,5.6484,1.0384,1.0384,1.8,1.0384,2017-04-07D01:22:56.128323000,2017-04-07D01:21:57.904765000,1
433,1191.48,0.1,1191.05,1190.74,1190.7,1189.87,1189.7,1191.48,1191.78,1192.07,1192.3,1192.37,1.2,1.2,0.71,1.2,2,5.6484,1.0384,1.0384,1.8,1.0384,2017-04-07D01:23:16.296980000,2017-04-07D01:21:57.904765000,1
434,1191.48,0.1,1191.05,1190.74,1190.7,1190.6,1190.23,1191.48,1191.78,1192.07,1192.3,1192.37,1.2,1.2,0.71,1.2,1.2,5.6484,1.0384,1.0384,1.8,1.0384,2017-04-07D01:23:29.035297000,2017-04-07D01:21:57.904765000,1
435,1191.48,0.1,1191.05,1190.74,1190.7,1190.6,1190.23,1191.48,1191.78,1192.07,1192.3,1192.37,1.2,1.2,0.71,1.2,1.2,5.6284,1.0384,1.0384,1.8,1.0384,2017-04-07D01:23:47.269784000,2017-04-07D01:21:57.904765000,1
436,1191.48,1.6,1191.05,1190.74,1190.7,1190.6,1190.23,1191.48,1191.78,1192.07,1192.3,1192.37,1.2,1.2,0.71,1.2,1.2,5.6284,1.0384,1.0384,1.8,1.0384,2017-04-07D01:23:47.269784000,2017-04-07D01:23:51.883550000,2
437,1191.48,1.6,1191.47,1191.42,1190.7,1190.6,1190.23,1191.48,1191.78,1192.07,1192.3,1192.37,1.2,1.2,0.71,1.2,1.2,3.5484,1.0384,1.0384,1.8,1.0384,2017-04-07D01:23:53.856041000,2017-04-07D01:23:51.883550000,1
438,1191.48,1.6,1191.47,1191.42,1190.87,1190.7,1190.56,1191.48,1192.07,1192.3,1192.37,1192.46,1.2,1.2,1.2,0.71,1.2,3.5484,1.0384,1.8,1.0384,1.03858,2017-04-07D01:24:05.206212000,2017-04-07D01:23:51.883550000,1
439,1191.48,1.6,1191.47,1191.42,1190.87,1190.7,1190.56,1191.48,1192.07,1192.3,1192.37,1192.46,1.2,1.2,1.2,0.71,1.2,2.5484,1.0384,1.8,1.0384,1.03858,2017-04-07D01:24:18.447675000,2017-04-07D01:23:51.883550000,1
440,1191.48,1.6,1191.47,1190.7,1190.56,1189.93,1189.7,1191.48,1192.26,1192.3,1192.46,1192.55,3.6,0.71,1.2,1.2,2,2.5484,1.03799,1.8,1.03858,1.03799,2017-04-07D01:24:28.146350000,2017-04-07D01:23:51.883550000,1
441,1191.48,2,1191.47,1190.7,1190.56,1189.93,1189.7,1191.48,1192.26,1192.3,1192.46,1192.55,3.6,0.71,1.2,1.2,2,2.5484,1.03799,1.8,1.03858,1.03799,2017-04-07D01:24:28.146350000,2017-04-07D01:24:29.127181000,2
442,1191.48,2,1191.47,1191.23,1190.7,1189.93,1189.7,1192.26,1192.3,1192.55,1192.95,1193.06,3.6,1.2,0.71,1.2,2,1.03799,1.8,1.03799,1.0379,1.03858,2017-04-07D01:24:34.525801000,2017-04-07D01:24:29.127181000,1
443,1191.48,2,1191.47,1191.23,1190.92,1190.7,1189.7,1192.25,1192.26,1192.29,1192.3,1192.55,3.6,1.2,1.2,0.71,2,2,1.03799,4.36,1.8,1.03799,2017-04-07D01:24:42.355051000,2017-04-07D01:24:29.127181000,1
444,1191.48,2,1191.47,1191.23,1190.92,1190.7,1189.7,1192.25,1192.26,1192.3,1192.55,1192.95,3.6,1.2,1.2,0.71,2,2,1.03799,1.8,1.03799,1.0379,2017-04-07D01:24:44.661904000,2017-04-07D01:24:29.127181000,1
445,1191.48,2,1191.47,1191.23,1190.92,1190.7,1189.7,1192.25,1192.26,1192.3,1192.55,1192.89,3.6,1.2,1.2,0.71,2,2,1.03799,1.8,1.03799,4.05,2017-04-07D01:24:46.899926000,2017-04-07D01:24:29.127181000,1
446,1191.48,2,1191.47,1191.23,1190.92,1190.7,1189.7,1192.25,1192.26,1192.3,1192.55,1192.89,3.6,1.2,1.2,0.71,2,0.5,1.03799,1.8,1.03799,4.05,2017-04-07D01:24:52.369213000,2017-04-07D01:24:29.127181000,1
447,1192.25,3,1191.47,1191.23,1190.92,1190.7,1189.7,1192.25,1192.26,1192.3,1192.55,1192.89,3.6,1.2,1.2,0.71,2,0.5,1.03799,1.8,1.03799,4.05,2017-04-07D01:24:52.369213000,2017-04-07D01:24:52.669699000,2
448,1192.25,3,1191.54,1191.47,1191.23,1190.92,1190.7,1192.25,1192.26,1192.3,1192.55,1192.89,1.2,1.2,2.4,1.2,0.71,0.5,1.03799,1.8,1.03799,4.05,2017-04-07D01:25:01.476916000,2017-04-07D01:24:52.669699000,1
449,1192.25,3,1192.24,1191.23,1190.92,1190.7,1189.7,1192.26,1192.3,1192.55,1192.89,1192.95,2.4,2.4,1.2,0.71,2,1.03799,1.8,1.03799,4.05,1.0379,2017-04-07D01:25:09.871375000,2017-04-07D01:24:52.669699000,1
450,1192.25,3,1192.25,1192.24,1191.23,1190.92,1190.7,1192.26,1192.3,1192.55,1192.89,1192.95,0.01422506,2.4,2.4,1.2,0.71,1.03799,1.8,1.03799,4.05,1.0379,2017-04-07D01:25:23.181236000,2017-04-07D01:24:52.669699000,1
451,1192.25,3,1192.25,1192.08,1191.77,1191.23,1190.92,1192.26,1192.3,1192.55,1192.89,1192.95,0.01422506,1.2,1.2,2.4,1.2,1.03799,1.8,1.03799,4.05,1.0379,2017-04-07D01:25:32.545211000,2017-04-07D01:24:52.669699000,1
452,1192.25,3,1192.25,1192.08,1191.77,1191.45,1191.13,1192.26,1192.3,1192.55,1192.89,1192.95,0.01422506,1.2,1.2,1.2,1.2,1.03799,1.8,1.03799,4.05,1.0379,2017-04-07D01:25:39.864365000,2017-04-07D01:24:52.669699000,1
453,1192.25,3,1192.25,1192.08,1191.77,1191.45,1191.13,1192.26,1192.3,1192.55,1192.95,1193.25,0.01422506,1.2,1.2,1.2,1.2,1.03799,1.8,1.03799,1.0379,1.0379,2017-04-07D01:25:44.147763000,2017-04-07D01:24:52.669699000,1
454,1192.25,3,1192.25,1192.08,1191.77,1191.45,1191.13,1192.3,1192.6,1192.9,1192.95,1193.25,0.01422506,1.2,1.2,1.2,1.2,1.8,1.03769,1.03769,1.0379,1.0379,2017-04-07D01:25:51.668116000,2017-04-07D01:24:52.669699000,1
455,1192.3,1.6,1192.25,1192.08,1191.77,1191.45,1191.13,1192.3,1192.6,1192.9,1192.95,1193.25,0.01422506,1.2,1.2,1.2,1.2,1.8,1.03769,1.03769,1.0379,1.0379,2017-04-07D01:25:51.668116000,2017-04-07D01:26:01.865930000,2
456,1192.3,1.6,1192.29,1192.25,1191.7,1191.45,1191.13,1192.3,1192.6,1192.9,1192.95,1193.25,2.4,0.01422506,0.8,1.2,1.2,1,1.03769,1.03769,1.0379,1.0379,2017-04-07D01:26:06.549054000,2017-04-07D01:26:01.865930000,1
457,1192.3,1.6,1192.29,1192.25,1191.7,1191.45,1191.13,1192.6,1192.9,1193.25,1193.5,1193.55,2.4,0.01422506,1.8,1.2,1.2,1.03769,1.03769,1.0379,2.64,1.0379,2017-04-07D01:26:10.009577000,2017-04-07D01:26:01.865930000,1
458,1192.6,2,1192.29,1192.25,1191.7,1191.45,1191.13,1192.6,1192.9,1193.25,1193.5,1193.55,2.4,0.01422506,1.8,1.2,1.2,1.03769,1.03769,1.0379,2.64,1.0379,2017-04-07D01:26:10.009577000,2017-04-07D01:26:14.439331000,2
459,1192.6,2,1192.29,1192.25,1191.7,1191.45,1191.13,1192.6,1192.9,1193.5,1193.55,1193.84,2.4,0.01422506,1.8,1.2,1.2,0.03769,1.03769,2.64,1.0379,1.0379,2017-04-07D01:26:15.610952000,2017-04-07D01:26:14.439331000,1
460,1192.6,2,1192.55,1192.29,1192.09,1191.9,1191.7,1193.5,1193.55,1193.84,1194.04,1194.14,1.2,2.4,1.2,0.925,1.8,1.71538,1.0379,1.0379,1.03708,1.0379,2017-04-07D01:26:21.567602000,2017-04-07D01:26:14.439331000,1
461,1193.5,1.84924,1192.55,1192.29,1192.09,1191.9,1191.7,1193.5,1193.55,1193.84,1194.04,1194.14,1.2,2.4,1.2,0.925,1.8,1.71538,1.0379,1.0379,1.03708,1.0379,2017-04-07D01:26:21.567602000,2017-04-07D01:26:30.386274000,2
462,1193.5,1.84924,1193.49,1192.29,1192.09,1191.9,1191.7,1193.5,1193.55,1193.84,1194.04,1194.14,1.2,2.4,1.2,0.925,1.8,1.71538,1.0379,1.0379,1.03708,1.0379,2017-04-07D01:26:41.442569000,2017-04-07D01:26:30.386274000,1
463,1193.5,1.84924,1193.49,1192.29,1192.09,1191.9,1191.7,1193.5,1193.55,1193.84,1194.04,1194.14,2.4,1.2,1.2,0.925,1.8,1.71538,1.0379,1.0379,1.03708,1.0379,2017-04-07D01:26:43.521696000,2017-04-07D01:26:30.386274000,1
464,1193.5,1.84924,1193.49,1192.29,1192.09,1191.9,1191.7,1193.5,1194.04,1194.14,1194.34,1194.81,2.4,1.2,1.2,0.925,1.8,1.71538,1.03708,1.0379,1.03708,1.036,2017-04-07D01:26:48.074400000,2017-04-07D01:26:30.386274000,1
465,1193.5,1.84924,1193.49,1192.09,1191.9,1191.7,1191.52,1193.5,1194.04,1194.14,1194.34,1194.81,3.6,1.2,0.925,1.8,4.44,1.71538,1.03708,1.0379,1.03708,1.036,2017-04-07D01:26:57.912716000,2017-04-07D01:26:30.386274000,1
466,1193.5,1.84924,1193.49,1192.09,1191.9,1191.7,1191.52,1193.5,1194.04,1194.14,1194.34,1194.81,3.6,1.2,1.925,1.8,4.44,0.71538,1.03708,1.0379,1.03708,1.036,2017-04-07D01:27:00.547406000,2017-04-07D01:26:30.386274000,1
467,1193.5,2,1193.49,1192.09,1191.9,1191.7,1191.52,1193.5,1194.04,1194.14,1194.34,1194.81,3.6,1.2,1.925,1.8,4.44,0.71538,1.03708,1.0379,1.03708,1.036,2017-04-07D01:27:00.547406000,2017-04-07D01:27:02.099967000,2
468,1193.5,1.4,1193.49,1192.09,1191.9,1191.7,1191.52,1193.5,1194.04,1194.14,1194.34,1194.81,3.6,1.2,1.925,1.8,4.44,0.71538,1.03708,1.0379,1.03708,1.036,2017-04-07D01:27:00.547406000,2017-04-07D01:27:12.362255000,2
469,1193.5,1.4,1193.49,1192.09,1191.9,1191.7,1191.52,1193.5,1194.81,1195,1195.1,1195.7,3.6,1.2,1.925,2.5,4.44,0.01538,1.036,2.615,1.036,1.463,2017-04-07D01:27:13.485372000,2017-04-07D01:27:12.362255000,1
470,1193.5,1.4,1193.49,1191.9,1191.7,1191.52,1191.45,1193.5,1194.81,1195,1195.1,1195.7,4.8,1.925,2.5,4.44,1.03561,0.01538,1.036,2.615,1.036,1.463,2017-04-07D01:27:24.774248000,2017-04-07D01:27:12.362255000,1
471,1193.5,1.4,1193.49,1191.9,1191.7,1191.52,1191.45,1193.5,1195,1195.7,1195.8,1196.03,4.8,1.939,2.5,4.44,1.03561,0.00116972,2.615,1.463,1.03538,1.0357,2017-04-07D01:27:27.941507000,2017-04-07D01:27:12.362255000,1
472,1193.5,0.02842056,1193.49,1191.9,1191.7,1191.52,1191.45,1193.5,1195,1195.7,1195.8,1196.03,4.8,1.939,2.5,4.44,1.03561,0.00116972,2.615,1.463,1.03538,1.0357,2017-04-07D01:27:27.941507000,2017-04-07D01:27:29.569533000,2
473,1193.5,0.02842056,1193.49,1191.9,1191.7,1191.52,1191.45,1193.5,1195,1195.7,1195.8,1196.03,6,1.939,2.5,4.44,1.03561,0.00116972,2.615,1.463,1.03538,1.0357,2017-04-07D01:27:36.213791000,2017-04-07D01:27:29.569533000,1
474,1193.5,0.02842056,1193.49,1192.54,1192.24,1191.9,1191.7,1193.5,1195,1195.7,1196.1,1196.33,6,1.03465,1.03465,1.939,2.5,0.00116972,2.615,1.463,1.03538,1.0357,2017-04-07D01:27:41.084332000,2017-04-07D01:27:29.569533000,1
475,1193.5,0.02842056,1193.49,1193.23,1192.54,1192.24,1192.22,1193.5,1195,1195.7,1196.63,1196.7,6,1.2,1.03465,1.03465,1.03441,0.00116972,2.615,1.463,1.03465,2,2017-04-07D01:28:07.490991000,2017-04-07D01:27:29.569533000,1
476,1193.5,0.02842056,1193.49,1193.23,1192.91,1192.54,1192.24,1193.5,1195,1195.7,1196.63,1196.7,6,1.2,1.2,1.03465,1.03465,0.00116972,2.615,1.463,1.03465,2,2017-04-07D01:28:08.950858000,2017-04-07D01:27:29.569533000,1
477,1193.5,0.02842056,1193.49,1193.23,1192.91,1192.6,1192.54,1193.5,1195,1195.7,1196.63,1196.7,6,1.2,1.2,1.2,1.03465,0.00116972,2.615,1.463,1.03465,2,2017-04-07D01:28:10.791071000,2017-04-07D01:27:29.569533000,1
478,1193.5,0.02842056,1193.49,1193.23,1192.91,1192.6,1192.29,1193.5,1195,1195.29,1195.59,1195.7,6,1.2,1.2,1.2,1.2,0.00116972,2.615,1.03584,1.03584,1.463,2017-04-07D01:28:42.722019000,2017-04-07D01:27:29.569533000,1
479,1193.5,0.02842056,1193.49,1193.23,1193.11,1192.91,1192.6,1193.5,1195,1195.29,1195.59,1195.7,2.5,1.2,1.2,1.2,1.2,0.00116972,2.615,1.03584,1.03584,1.463,2017-04-07D01:28:58.944504000,2017-04-07D01:27:29.569533000,1
480,1193.5,0.02842056,1193.49,1193.42,1193.23,1193.11,1192.91,1193.5,1195,1195.29,1195.59,1195.7,1.3,1.2,1.2,1.2,1.2,0.00116972,2.615,1.03584,1.03584,1.463,2017-04-07D01:28:59.997985000,2017-04-07D01:27:29.569533000,1
481,1193.49,0.6,1193.49,1193.42,1193.23,1193.11,1192.91,1193.5,1195,1195.29,1195.59,1195.7,1.3,1.2,1.2,1.2,1.2,0.00116972,2.615,1.03584,1.03584,1.463,2017-04-07D01:28:59.997985000,2017-04-07D01:29:04.694318000,2
482,1193.49,0.6,1193.49,1193.23,1193.11,1193.1,1192.91,1193.5,1195,1195.29,1195.59,1195.7,1.3,1.2,1.2,1.2,1.2,0.00116972,2.615,1.03584,1.03584,1.463,2017-04-07D01:29:11.950654000,2017-04-07D01:29:04.694318000,1
483,1193.49,0.6,1192.6,1191.9,1191.7,1191.2,1190.93,1193.5,1195,1195.29,1195.59,1195.7,0.8,1.939,2.5,1.03584,4.35,0.00116972,2.615,1.03584,1.03584,1.463,2017-04-07D01:29:16.309798000,2017-04-07D01:29:04.694318000,1
484,1192.6,0.8,1192.6,1191.9,1191.7,1191.2,1190.93,1193.5,1195,1195.29,1195.59,1195.7,0.8,1.939,2.5,1.03584,4.35,0.00116972,2.615,1.03584,1.03584,1.463,2017-04-07D01:29:16.309798000,2017-04-07D01:29:17.311772000,2
485,1193.1,1.066828,1192.6,1191.9,1191.7,1191.2,1190.93,1193.5,1195,1195.29,1195.59,1195.7,0.8,1.939,2.5,1.03584,4.35,0.00116972,2.615,1.03584,1.03584,1.463,2017-04-07D01:29:16.309798000,2017-04-07D01:29:19.684732000,2
486,1193.1,1.066828,1193.25,1193.01,1192.72,1192.6,1192.42,1193.5,1195,1195.7,1195.98,1196.33,1.2,1.2,1.03449,0.8,1.03449,0.00116972,2.615,1.463,1.03576,1.0357,2017-04-07D01:29:28.324639000,2017-04-07D01:29:19.684732000,1
487,1193.1,1.066828,1193.01,1192.88,1192.72,1192.6,1192.57,1193.5,1195,1195.7,1195.98,1196.33,1.2,1.2,1.03449,0.8,1.2,0.00116972,2.615,1.463,1.03576,1.0357,2017-04-07D01:29:49.234896000,2017-04-07D01:29:19.684732000,1
488,1193.1,1.066828,1193.01,1192.88,1192.6,1192.57,1191.9,1193.5,1195,1195.7,1196.03,1196.33,1.2,1.2,0.8,1.2,1.939,0.00116972,2.615,1.463,1.03571,1.0357,2017-04-07D01:29:55.621898000,2017-04-07D01:29:19.684732000,1
489,1193.1,1.066828,1193.01,1192.88,1192.57,1191.9,1191.7,1193.5,1195,1195.7,1196.03,1196.33,1.2,1.2,1.2,1.939,2.5,0.00116972,2.615,1.463,1.03571,1.0357,2017-04-07D01:29:57.900695000,2017-04-07D01:29:19.684732000,1
